2512 3708
1075 280 1482 333 ’“25-5’

168 409 280 462 bus
317 424 458 463 vero
502 411 626 464 aliis
668 413 713 465 is
757 404 985 466 tantum
1020 410 1227 462 leviter
1275 425 1583 479 percussus
1626 421 1741 478 est,
1802 412 1903 481 qui
1950 412 2211 467 molliori
2254 434 2381 470 sen.-

166 527 235 562 su
266 523 402 563 erat.

326 627 398 707 7)
445 629 927 702 Experimentum
966 631 1081 685 hoc
1126 633 1208 685 -ita
1249 634 1502 699 mutavi,
1571 644 1635 686 ut
1686 633 2016 693 inferiorem
2055 632 2284 696 fistulae
2331 632 2391 691 Α

163 729 339 786 finem
381 735 439 786 in
469 753 566 787 vas
598 731 805 799 fictile,
853 751 1005 803 aqua
1042 735 1332 802 repletum
1375 731 1448 786 D.
1477 731 1580 806 fig.
1620 755 1693 788 ιν.
1739 734 2038 805 inferrem,
2085 748 2140 790 et
2177 754 2380 791 secun·-

165 835 301 887 darn
339 852 654 905 personam
692 852 815 889 non
859 830 916 888 A
946 845 1207 904 tangere,
1254 835 1351 887 sed
1391 852 1628 886 manum
1663 853 1844 905 aquae
1877 838 2026 890 vasis
2056 834 2116 890 D
2148 841 2379 892 immet.-

77 991 87 998 „
165 953 295 1004 gere
337 933 624 1010 juberem.
740 931 938 1002 Alter,
1000 938 1101 1004 qui
1135 933 1305 989 filum
1352 938 1407 988 in
1455 931 1510 989 P
1553 938 1808 1004 tenebat,
1870 937 2022 991 nihil
2068 941 2379 1007 sentiebat,

169 1040 269 1110 qui
313 1055 452 1091 vero
494 1056 731 1090 manum
765 1038 821 1089 in
859 1054 1069 1107 aquam
1112 1037 1477 1107 porrigebat,
1526 1048 1641 1090 tarn
1676 1039 2044 1093 vehementer
2072 1058 2379 1112 percussus

164 1150 274 1205 est,
321 1150 386 1192 ut
428 1140 638 1203 claram
679 1156 886 1193 vocem
932 1140 1247 1206 emitteret,
1328 1151 1384 1193 et
1426 1157 1659 1193 omnem
1704 1142 2041 1209 deturbaret
2086 1143 2382 1207 machina--

163 1241 406 1301 tionem,

327 1358 394 1436 8)
440 1357 501 1415 Si
536 1361 735 1414 eadem
761 1359 1194 1416 machinatione
1228 1361 1405 1429 facta,
1453 1358 1619 1418 filum
1655 1367 1788 1421 loco
1817 1362 1871 1421 B
1899 1368 2189 1438 tangitur,
2239 1367 2383 1426 levi-

162 1473 253 1517 ter
290 1464 619 1534 percutitur
648 1480 882 1526 manus(

299 1580 395 1659 9)
443 1583 594 1638 Cum
626 1595 976 1655 apparatum
1014 1588 1196 1639 modo
1225 1588 1445 1640 dictum
1476 1585 1577 1641 fini
1609 1584 1669 1643 E
1699 1590 1933 1643 alterius
1962 1587 2197 1671 fistulae·
2229 1591 2380 1643 sclo-

160 1688 416 1758 petariae
441 1704 623 1756 aquae
650 1690 800 1759 vasis
830 1684 1019 1740 fictilis
1065 1684 1122 1740 D
1163 1690 1458 1759 immergi,
1508 1701 1563 1743 et
1601 1696 1763 1744 locos
1794 1688 1852 1744 A
1880 1687 1930 1745 B
1961 1702 2134 1760 atque
2168 1707 2383 1760 aquam

161 1791 299 1842 loco
347 1786 405 1842 D
449 1783 963 1862 tangijussissem,
1012 1807 1076 1843 ea
1114 1809 1348 1856 manuS,
1397 1809 1544 1861 quae
1578 1788 1915 1859 Atenebat,
1962 1794 2212 1846 maxime
2244 1811 2380 1864 per-

163 1890 518 1955 cutiebatur,
590 1906 740 1959 quae
796 1906 937 1943 vero
990 1907 1174 1959 aquae
1216 1894 1364 1945 vasis
1402 1891 1458 1944 l)
1501 1894 1770 1946 immersa
1816 1904 1967 1960 erat,
2028 1894 2251 1962 levem,
2324 1904 2381 1948 et

168 2010 315 2068 quae
344 1987 396 2045 Β
434 1991 695 2058 tenebat,
755 1991 977 2044 nuliam
1018 1994 1263 2046 omnino
1311 1997 1757 2054 concussionem
1796 1994 2099 2059 sentiebat.

1144 2091 1200 2166 ᾗ.
1277 2112 1386 2163 720.

323 2196 411 2251 Ut
447 2197 570 2250 vim
618 2197 990 2267 singulorum
1026 2212 1382 2267 corporum,
1430 2198 1680 2251 fluidum
1723 2217 1754 2253 a
1794 2209 2084 2269 gymnoto
2127 2196 2376 2253 effusum

154 2290 564 2366 conducendi,
610 2311 1030 2369 perscrutarer,
1091 2299 1252 2353 varia
1290 2298 1408 2358 feci,
1429 2302 1860 2372 experimenta,
1923 2299 2182 2371 quorum
2222 2319 2375 2356 non-

157 2400 326 2455 nulla
356 2399 450 2453 hic
488 2402 1000 2467 commemorabo:

334 2518 388 2593 1)
431 2516 637 2590 Parvi,
682 2525 849 2592 sicci,
896 2525 1067 2596 lignei
1104 2525 1357 2593 cyiindri
1391 2536 1707 2597 utrumque
1745 2523 1916 2579 finem
1954 2523 2183 2580 fistulae
2219 2527 2370 2580 sclo-

162 2624 418 2695 petariae
437 2625 514 2677 ita
535 2627 767 2692 inserui,
798 2637 865 2679 ut
880 2628 1083 2680 ambae
1110 2625 1335 2682 fistulae
1353 2629 1459 2681 sibi
1482 2625 1718 2703 junctae
1736 2640 1936 2694 essent,
1974 2646 2163 2699 neque
2181 2640 2372 2693 tamen

158 2742 217 2780 se
241 2725 633 2797 tangerent.Si
652 2729 860 2782 deinde
886 2731 1049 2782 alteri
1075 2732 1510 2784 conductorum
1530 2751 1560 2785 a
1590 2747 1799 2800 magno
1828 2741 2119 2801 gymn'oto
2146 2730 2371 2784 electri-

127 2899 129 2901 ,
159 2829 299 2888 citas
327 2828 691 2896 infunditur,
732 2831 789 2882 in
820 2832 1069 2886 alterum
1099 2849 1221 2901 non
1250 2835 1488 2904 transit,
1535 2845 1602 2888 ut
1629 2831 1731 2913 qui
1759 2831 1917 2899 hunc
1944 2842 2168 2905 tenent,
2214 2850 2369 2892 nun-

157 2946 336 3009 quam
374 2934 795 3003 percutiantur.

316 3049 391 3131 a)
437 3052 502 3109 Si
552 3072 693 3112 vero
745 3058 1199 3131 apparatussshic
1247 3060 1596 3133 aliquandiu
1644 3077 1828 3134 aquae
1871 3059 2264 3131 immergi-tur,
2307 3065 2375 3113 ut

1957 3162 2017 3217 D
