2512 3708
1065 309 1474 361 ...23—

331 449 403 530 8)
448 468 567 505 non
604 450 816 521 magiS,
864 449 909 502 si
950 450 1114 503 locus
1154 463 1191 502 n
1240 450 1416 520 plane
1460 464 1677 503 vacuus
1723 457 1869 515 erat,
1940 464 2044 501 nec
2091 448 2202 500 nisi
2241 447 2367 501 a'e‘re

166 555 519 624 completus:

327 653 386 724 9)
431 655 593 706 locus
636 667 660 704 c
701 668 841 705 vero
883 653 1074 705 multo
1126 650 1617 705 vehementiorem
1670 651 1876 704 edebat
1926 649 2368 720 percussionem

165 771 341 825 quam
367 755 458 808 alii
489 753 601 807 loci
621 794 642 819 ,.
687 754 732 806 si
763 755 906 805 rima
941 768 976 804 n
1005 769 1154 822 aqua
1189 766 1309 806 erat
1341 754 1648 823 completa.

338 856 440 926 10)
491 853 993 907 Nlachinationem
1052 855 1359 925 pristinam
1416 855 1496 906 ita
1543 853 1799 918 mutavi«,
1876 861 1942 903 ut
1986 851 2374 904 conductores

163 953 224 1012 D
257 952 314 1011 E
339 967 544 1026 quarta
573 957 735 1024 digiti
773 965 938 1025 parte
974 955 1154 1006 alium
1193 955 1263 1006 ab
1300 956 1414 1006 alio
1453 970 1843 1020 removerem,
1888 952 2202 1005 intervallo
2231 968 2376 1020 pru-

160 1077 263 1112 nas
297 1073 725 1128 supponerem,
774 1066 829 1107 et
859 1072 956 1108 sex
986 1054 1148 1107 lineis
1178 1055 1539 1125 interpositis
1574 1053 1824 1106 ferreum
1862 1053 2187 1122 scipionem
2214 1052 2377 1103 siste-

163 1176 309 1212 rem:
356 1159 403 1210 si
446 1174 646 1210 omnes
688 1155 793 1209 hae
840 1166 1032 1226 partes
1078 1153 1341 1207 fervidae
1394 1163 1563 1218 sunt,
1625 1163 1681 1205 et
1728 1164 2043 1223 gymnotus
2096 1152 2377 1222 tangitur,

161 1259 277 1311 loci
319 1275 368 1312 m
406 1274 440 1311 a
477 1255 508 1311 b
550 1273 575 1311 c
614 1269 670 1310 et
711 1258 900 1327 scipio
938 1255 1155 1309 ferreus
1196 1254 1635 1326 percussionem
1671 1256 1884 1321 edunt,
1933 1265 1997 1307 ut
2023 1252 2117 1306 hic
2149 1268 2374 1323 prunae

130 1361 319 1427 ¹solae
353 1359 606 1413 fluidum
651 1360 724 1413 ad
767 1374 793 1423 a
826 1369 880 1412 et
918 1355 1175 1409 fistulam
1213 1357 1311 1408 scl.
1353 1355 1649 1409 duxerint.

335 1457 440 1537 11.)
486 1459 549 1513 Si
588 1462 735 1513 rima
775 1476 812 1512 n
855 1460 1021 1513 arido
1068 1458 1323 1511 carbone
1360 1457 1661 1527 expletur,
1723 1474 1754 1509 a
1797 1458 1933 1509 loco
1984 1447 2041 1509 E
2078 1443 2273 1529 major
2313 1451 2380 1508 fit

154 1563 464 1633 ,percussio
484 1603 498 1627 ,
545 1579 719 1630 quam
749 1580 780 1613 a
808 1561 1042 1629 reliquis
1072 1560 1235 1612 lociS.

341 1659 444 1737 12)
491 1659 553 1714 Si
584 1670 903 1731 gymnotus
939 1658 1175 1712 duobus
1203 1659 1448 1712 metallis
1484 1675 1742 1729 quorum
1779 1650 2029 1710 alterum·
2063 1673 2376 1727 cupreum,

167 1767 415 1820 alterum
458 1762 710 1816 ferreum
757 1773 866 1828 est,
930 1776 1308 1829 quorumque
1344 1761 1488 1812 alter
1521 1760 1768 1828 quisque
1808 1756 1940 1811 finis
1985 1755 2087 1810 filo
2130 1753 2382 1810 orichal-

163 1868 293 1921 cico
324 1863 738 1918 ferruminatus
775 1872 885 1929 est,
930 1860 1150 1914 ferreus
1189 1878 1418 1931 semper
1456 1861 1644 1930 scipio
1675 1859 2070 1914 vehementius
2100 1859 2376 1936 percutit,

168 1984 509 2038 quanquam
542 1982 769 2036 cupreo
802 1965 984 2034 magis
1022 1964 1233 2016 irritari
1272 1964 1448 2033 piscis
1474 1962 1742 2014 ¹videtur.

337 2222 494 2282 Haec
526 2226 644 2282 fere
675 2238 841 2292 sunt,
890 2242 1039 2297 quae
1079 2226 1282 2279 beatus
1325 2242 1488 2278 meus
1533 2232 1697 2295 pater
1743 2216 2095 2277 observavit.
2182 2225 2381 2279 Licea-t

176 2329 316 2382 mihi
345 2346 531 2395 nunc,
579 2345 726 2398 quae
761 2330 894 2381 inde
925 2339 1278 2399 sequuntur,
1327 2344 1660 2398 excerpere,
1708 2342 1887 2395 eaque
1920 2343 2052 2378 cum
2088 2326 2188 2393 iis,
2236 2344 2381 2397 quae
2412 2377 2417 2382 ,

176 2432 302 2498 alii,
348 2447 546 2483 rerum
596 2440 838 2484 naturae
887 2441 1269 2498 scrutatoreS,
1331 2429 1676 2482 recentiores
1723 2428 2063 2499 praecipue,
2110 2430 2181 2482 de
2222 2446 2284 2482 ea
2323 2446 2382 2483 te

176 2532 400 2603 experti
441 2541 609 2597 sunt,
655 2547 1016 2602 comparare.

345 2629 407 2708 1)
454 2631 735 2685 Fluidum
782 2627 960 2707 hujus
1004 2634 1176 2704 piscis
1218 2634 1291 2687 ad
1326 2631 1652 2685 humanum
1703 2647 1919 2701 corpus
1962 2631 2223 2684 delatum·
2259 2631 2376 2683 sin-

175 2735 442 2805 gularem
495 2735 916 2788 commotio-nis
969 2750 1143 2806 atque
1191 2735 1575 2801 manationiS,
1653 2735 1899 2787 eundem
1940 2742 2178 2785 auctore
2206 2727 2384 2784 Hum-

177 2830 386 2912 boldtio
426 2832 482 2907 ³³⁴)
531 2835 647 2890 fere
683 2854 913 2890 sensum
958 2848 1189 2907 movet,
1222 2867 1224 2871 ,
1258 2853 1379 2907 quo
1435 2835 1799 2907 galvanicum
1857 2833 2073 2888 flumen
2129 2832 2382 2886 sauciam

183 2939 455 3009 corporis
487 2950 708 3009 partem
754 2936 947 2995 afficit.

185 3039 304 3137 ’,ἢ
343 3076 398 3131 V.
436 3075 468 3126 l.
505 3092 545 3128 e.
585 3093 633 3140 p·
671 3082 754 3134 81.
