2512 3708
173 427 400 498 aliquot
437 425 684 497 pedunn
750 424 951 478 tertius
999 424 1055 477 in
1102 442 1311 491 manu,
1368 440 1483 494 qua
1531 424 1710 479 altera
1755 424 2010 497 persona
2051 436 2377 488 secundun}

175 529 591 583 conductorem
651 536 820 579 tenet.
923 523 1119 579 Sonus
1171 526 1265 580 hic
1317 527 1516 580 similis
1563 537 1646 579 est
1696 526 1776 593 ei,
1837 528 1968 596 qui,
2031 546 2160 589 cum
2210 531 2382 588 filum

174 629 597 698 bombycinum
649 626 824 682 celere
871 628 1167 695 intendaS,
1223 630 1443 696 editu3‚
1504 629 1595 682 vel
1633 628 1713 694 ei,
1787 630 1889 700 qui
1943 647 2074 684 cum
2119 634 2239 687 duo
2296 638 2387 690 vel

175 732 284 784 tria
332 731 586 802 puiveris
630 730 786 801 pyrii
825 748 1006 801 grana
1039 731 1469 801 exploduntur,
1515 731 1815 802 sequitu-r-
1914 730 2033 787 Alii
2078 751 2209 788 eum
2253 752 2388 789 cum-

174 833 373 885 sonitu
421 831 873 904 comparabant,
920 833 1056 902 qui,
1099 833 1144 886 si
1184 849 1366 903 aquae
1413 842 1580 903 gutta
1619 826 1906 888 candenti
1943 835 2149 890 incidit
2193 816 2385 907 ferro,

176 922 388 988 oritur.

1159 1023 1219 1105 ᾗ.
1313 1047 1406 1102 17.

334 1133 420 1188 Ut
458 1134 781 1206 experirer,
828 1152 970 1189 num
998 1134 1281 1203 fluidum,
1328 1137 1494 1207 quod
1522 1149 1841 1207 gymnotus
1871 1136 2150 1210 effundit,
2194 1144 2388 1198 lucem

175 1237 336 1302 edat,
385 1253 489 1290 nec
514 1254 614 1304 ne,
662 1236 800 1290 haec
836 1236 944 1291 feci
972 1238 1393 1308 experimenta:

349 1337 407 1407 1)
457 1336 578 1392 Uni
612 1338 873 1408 duorum·
901 1339 1104 1410 viginti
1132 1350 1187 1393 et
1216 1357 1401 1393 unum
1426 1341 1606 1411 pedes
1632 1341 1952 1412 longorum
1981 1342 2114 1397 ferri
2142 1339 2401 1399 filorum

173 1434 277 1491 fini
319 1449 550 1492 tenue-m
594 1437 910 1500 ferrumine
960 1436 1205 1515 adj-unxi
1253 1442 1559 1509 laminam,
1622 1441 1935 1512 ambasque
1978 1444 2218 1497 laminas
2256 1461 2396 1499 cum*

175 1555 381 1608 magna
434 1535 628 1614 fistula
679 1541 862 1594 vitrea
919 1537 1239 1616 conjunxi,
1304 1554 1372 1596 ut
1414 1543 1481 1596 iis
1529 1559 1653 1596 non
1697 1545 1806 1597 nisi
1847 1543 2077 1598 charta-e
2127 1547 2385 1616 spatium
2464 1618 2466 1622 μ

175 1640 582 1693 intercederet:
643 1641 851 1694 deinde
905 1641 1339 1696 conductorum
1385 1657 1507 1702 uno
1554 1658 1710 1695 nunc
1755 1656 1933 1716 capu-t
1992 1663 2151 1700 nunc
2202 1647 2396 1700 cauda.

174 1741 446 1819 gymnoti
487 1741 906 1812 attingebatur,
952 1759 1101 1814 quae
1138 1761 1312 1812 ver0,
1357 1747 1482 1801 sive
1513 1748 1570 1800 in
1607 1764 1788 1820 aqua,
1834 1749 1956 1802 sive
1995 1749 2054 1802 in
2085 1750 2234 1814 a'ere,
2264 1749 2395 1803 sive*

175 1843 303 1896 aliis
346 1843 403 1896 in
438 1843 611 1911 lociS,
655 1842 857 1912 fuerit,
919 1845 1110 1901 nullas
1150 1846 1357 1902 edebat
1402 1848 1709 1918 scintillae,
1753 1850 1852 1904 sed
1906 1849 2111 1905 leviter
2158 1860 2396 1905 tantum

177 1943 519 2015 refulgebat.

340 2045 409 2099 Id
437 2047 900 2119 experimentum
930 2063 1062 2102 cum
1096 2047 1240 2102 mihi
1273 2065 1402 2105 non*
1424 2049 1800 2120 satisfaceret,
1847 2049 1954 2107 has
1983 2049 2089 2107 feci
2131 2069 2385 2126 praepa.-

176 2147 433 2202 rationes
474 2158 529 2202 et
564 2149 990 2221 experimenta3

341 2246 409 2325 2)
453 2245 719 2305 Inferiori
773 2248 878 2305 fini
931 2253 1185 2306 duarum
1219 2249 1549 2309 fistularum
1592 2254 2109 2326 sclopetariarum,
2157 2249 2263 2332 (A.
2308 2250 2393 2313 H»

162 2347 274 2427 fig.
305 2352 392 2420 5.)
429 2368 578 2421 quhae
619 2353 771 2406 duos
811 2364 867 2408 et
904 2353 1216 2409 dimidiu-m
1251 2356 1425 2426 pedes
1462 2356 1672 2427 longae
1711 2366 1908 2426 erant,
1950 2358 2072 2414 duo
2116 2355 2216 2411 fila
2258 2356 2374 2412 fer-

177 2470 274 2506 rea
310 2452 627 2509 ferrum-ine
666 2449 941 2529 adjunxi,
1017 2455 1470 2528 inferioremque
1524 2454 1700 2511 finem
1746 2452 2211 2532 uniuscnjusque
2251 2477 2381 2532 amq»

176 2554 391 2610 borum
439 2554 679 2610 filo-rum-
704 2558 932 2612 laminis
957 2576 1052 2613 xx·
1140 2556 1261 2613 Has
1289 2575 1438 2612 vero·
1465 2559 1545 2612 sic
1578 2559 1652 2612 ad
1689 2576 1955 2630 magnam
1994 2553 2249 2613 fistulam
2286 2559 2387 2613 vi·

180 2667 357 2710 tream
392 2652 474 2731 (b.
499 2653 590 2735 d.)
628 2659 824 2726 vinxi,
867 2668 935 2713 ut
976 2659 1354 2714 intervallum
1374 2657 1490 2738 (m)
1526 2672 1767 2716 octavae
1806 2660 1924 2716 fere
1960 2661 2142 2715 lineae
2183 2661 2384 2731 partis

177 2758 578 2814 intercederet:
619 2760 835 2831 quodsi
883 2762 1153 2831 gymnoti
1199 2772 1376 2833 caput
1410 2773 1466 2818 et
1501 2765 1686 2819 cauda
1726 2764 2191 2826 con-ductoribus
2236 2774 2369 2817 tan-

180 2857 444 2928 gebatur,
485 2862 790 2933 perspicue
826 2864 888 2917 in
925 2877 993 2917 m.
1021 2861 1336 2918 scientillae
1361 2864 1777 2931 cernebantur3
1818 2867 1907 2920 sin
1935 2874 2128 2921 autem
2155 2865 2381 2936 piscem

179 2957 293 3013 filis
323 2970 552 3015 tantum
579 2963 882 3034 tangebam
899 2949 932 3033 ,‘
957 2979 1062 3019 nec
1085 2961 1293 3020 fistulis
1317 2966 1680 3039 sclopetariis
1701 2962 1771 3025 A„
1789 2963 1861 3025 Β.
1878 2982 2179 3038 nunqua-m
2201 2965 2380 3040 potui

184 3061 491 3117 scintillam
518 3063 741 3119 elicere.
