2512 3708
1011 258 1426 320 ..n-'12-

283 418 344 489 a)
432 414 586 472 Cum
631 412 710 467 ita
748 422 1070 484 gymnotus
1123 425 1507 481 aenumrnon
1557 407 1852 481 tetigerat,
1913 407 2066 464 idem
2107 409 2337 482 pericu-

115 514 240 578 lum
267 519 407 586 feci,
453 516 560 571 hac
590 526 783 570 tamen
814 513 1138 568 mutatione
1169 511 1353 579 facta,
1400 522 1469 566 ut
1493 510 1821 583 piscem‘atl
1849 508 2016 564 aheni
2049 527 2214 565 oram
2241 512 2349 566 ad·

120 623 463 696 primerem‚
523 619 686 689 isque
724 615 999 678 inferiore
1044 616 1262 669 caud-ae
1302 610 1611 685 superficie
1667 612 1816 665 illud
1865 612 2203 682 attingeret:
2273 608 2354 681 Ii,

119 725 223 796 qui
253 723 508 777 ahenum
538 718 838 785 tenebant,
885 717 1035 771 sicut
1063 717 1131 783 ii,
1181 716 1283 787 qui
1321 731 1526 768 manus
1572 716 1628 768 in
1684 730 1893 784 aquam
1934 714 2352 781 immerserant,

122 825 275 880 nihil
313 822 665 888 sentiebant,
713 830 956 892 excepto
993 818 1433 872 adolescentulo
1476 817 1742 888 quodam
1792 815 2087 869 mollioris
2133 831 2357 884 sensuS,

127 929 232 998 qui
275 938 518 982 tremere
559 940 698 978 suos
739 923 958 992 digitos
992 921 1506 974 animadverterat.
1591 916 1923 990 Nunquam
1959 918 2142 988 igitur
2179 916 2357 989 piscis

125 1045 276 1084 aeno
333 1027 472 1080 huic
523 1026 644 1078 vim
700 1039 865 1076 suam
918 1022 1245 1075 electricam
1310 1018 1622 1072 infundere
1689 1021 1919 1097 potuit,
1967 1021 2130 1081 „sive
2186 1019 2355 1089 quod

125 1120 328 1204 major
363 1123 489 1203 ejus
520 1136 643 1181 erat
681 1126 893 1190 moleS,
941 1123 1063 1177 sive
1099 1122 1263 1192 quod
1299 1137 1491 1181 crasso
1529 1119 1840 1190 ferruginis
1868 1130 2052 1175 strato
2083 1121 2359 1191 cinctum,

127 1233 249 1287 sive
289 1230 454 1300 quod
503 1234 678 1284 muro
714 1244 848 1281 cum
887 1237 1041 1280 terra
1067 1218 1460 1298 conjunctum
1493 1219 1656 1277 erat(

294 1347 359 1424 b)
450 1349 659 1430 Quum
709 1349 1024 1403 intervallo
1069 1364 1250 1419 quam
1292 1345 1551 1400 maximo
1582 1347 1732 1399 inter
1759 1355 2100 1415 gymotum,
2149 1347 2249 1416 qui
2288 1347 2363 1400 ad

133 1472 300 1511 oram
330 1455 559 1525 aquarii
599 1453 796 1525 quiete
833 1451 1064 1524 agebat,
1111 1468 1357 1522 magnus
1396 1449 1606 1520 viginti
1648 1447 1828 1502 trium
1869 1448 2079 1519 pondo
2122 1449 2364 1503 malleus

128 1557 348 1613 ferreus
394 1574 579 1628 aquae
624 1556 819 1610 illatus
860 1564 1035 1621 esset,
1094 1563 1285 1607 tamen
1337 1552 1550 1625 pisciS,
1611 1566 1953 1620 quanquam
1999 1550 2184 1603 oculis
2228 1567 2362 1603 eum

134 1679 259 1715 non
295 1668 728 1730 assequeretur,
765 1673 937 1710 sensu
973 1670 1107 1707 eum
1149 1653 1541 1725 percipiebat,
1587 1653 1644 1706 et
1683 1652 1872 1725 capite
1909 1652 1968 1705 in
1998 1652 2167 1706 illum
2206 1653 2367 1707 inve-

135 1763 418 1818 hebatur:
488 1761 655 1814 brevi
698 1770 889 1812 tamen
926 1767 1210 1826 tanquam
1251 1755 1536 1810 sollicitus
1592 1765 1649 1808 et
1687 1755 1899 1808 anxius
1951 1766 2107 1826 terga
2154 1755 2379 1815 vertit:-

135 1864 529 1920 nihilominus
571 1863 649 1930 is,
697 1861 799 1932 qui
837 1859 1142 1928 malleum,
1190 1875 1315 1912 non
1347 1859 1599 1931 piscem,
1659 1853 1856 1912 fistula
1889 1856 2242 1929 sclopetaria
2282 1870 2373 1914 te-·

138 1969 373 2039 tigerat,
418 1966 674 2038 graviter
697 1979 1003 2035 percussus
1035 1972 1137 2017 est.

303 2104 362 2188 c)
407 2106 470 2165 Si
498 2102 673 2183 juxta
713 2109 987 2161 malleum
1030 2106 1367 2160 conductor
1405 2119 1592 2176 aquae
1637 2103 1945 2172 inseritur,
1988 2106 2217 2163 mavult
2259 2125 2381 2187 gy·-

140 2222 382 2266 mnotus
425 2212 484 2265 in
527 2211 952 2265 conductorem
991 2207 1227 2276 invehi,
1274 2226 1451 2280 quam
1494 2209 1553 2261 in
1595 2207 1905 2276 malleum,
1950 2222 2073 2278 quo
2111 2210 2369 2280 graviter

144 2313 510 2369 commoveri
540 2313 792 2366 videtur.
883 2306 1037 2366 Cum
1082 2311 1238 2365 enim
1285 2306 1609 2382 gymnotus
1649 2310 1860 2365 malleo
1912 2299 2388 2383 appropinqua-⁷⁶

145 2418 330 2483 verit,
375 2415 733 2486 perfundere
774 2432 907 2468 eum
956 2431 1081 2469 non
1125 2413 1257 2469 vult
1294 2414 1352 2468 vi
1395 2413 1691 2481 electrica,
1748 2430 1782 2467 a
1823 2414 2188 2469 conductore
2223 2433 2384 2489 vero·

141 2537 265 2574 non
307 2498 607 2572 abhorret.
728 2503 731 2504 ⁷

302 2636 368 2736 ἄ)
409 2660 846 2716 Ramentorum
870 2654 1020 2714 'ferri
1056 2659 1287 2731 aliquot
1315 2660 1531 2733 pondo
1559 2660 1713 2714 lente
1751 2652 1924 2734 injeci
1964 2659 2021 2713 in
2055 2660 2364 2731 aquarium

144 2766 248 2821 ubi
283 2775 605 2837 gymnotus
644 2775 793 2819 erat:
856 2779 980 2833 quo
1020 2762 1174 2816 facto
1212 2763 1508 2834 inquietus
1549 2778 1778 2817 causam
1813 2779 2087 2834 quaerere
2125 2762 2364 2817 videba-

147 2880 275 2923 tur:
343 2856 772 2923 conductorem
834 2866 1118 2939 graviter,
1185 2875 1242 2918 et
1310 2866 1544 2936 quoties
1614 2865 1904 2933 volueriS‚
1983 2864 2365 2936 percutiebat.

145 2971 383 3030 Falsum
418 2971 614 3041 itaque
648 2982 763 3037 est,
809 2969 976 3041 quod
1005 2968 1280 3022 nonnulli
1306 2969 1769 3039 contenderunt,
1817 2968 2031 3041 piscem
2070 2964 2185 3022 hoc
2210 2976 2364 3022 statu

149 3075 274 3128 vim
311 3090 478 3130 suam
503 3074 763 3127 emittere
789 3090 910 3127 non
949 3088 1140 3145 posse.
