2512 3708
157 413 162 416 ’
195 414 448 467 mentius
487 424 968 484 commoventur,
1016 432 1190 485 quam
1223 419 1322 487 qui
1357 413 1610 493 majores
1651 434 1789 478 natu
1824 437 1987 481 sunt:
2032 433 2230 501 pueris
2264 452 2397 505 par-

195 533 303 567 vus
342 527 425 569 est
452 511 577 590 ejus
613 535 830 570 sensus,

359 618 551 672 Etiam
595 618 789 672 bestiis
829 618 1120 671 electricae
1156 621 1595 691 percussione3‚
1663 644 1810 698 quae
1855 647 1887 684 a
1941 630 2032 684 his
2081 647 2397 691 nascuntur

189 721 478 792 piscibuS,
526 731 582 775 et
612 721 885 773 molestae
922 732 977 772 et
1014 722 1222 775 noxiae
1250 734 1406 776 sunt.

358 821 580 886 CaneS,
615 813 882 890 'quorum
918 832 1109 891 partes
1137 824 1358 893 capillis
1394 828 1677 897 nudatae,
1724 830 1988 901 inprimis
2014 853 2205 902 nareS,
2252 855 2392 892 con-

184 928 432 980 ductore
460 933 809 995 tanguntur,
857 933 1145 993 gymnoto
1174 920 1490 998 adjunct0‚
1538 929 2034 988 vehementissime
2061 940 2281 1006 percuti
2308 915 2394 992 vi}

184 1015 431 1080 dentur:
477 1027 670 1079 statim
717 1026 868 1078 enim
909 1036 1129 1078 metum
1172 1037 1570 1100 terroremque
1601 1050 1741 1104 prae
1775 1050 1834 1086 se
1870 1033 2115 1090 ferentes
2154 1039 2386 1095 abeunt.

179 1123 455 1183 Gallinae
495 1129 738 1182 simulac
776 1136 1131 1195 tanguntur,
1180 1144 1391 1200 magna
1424 1147 1567 1186 voce
1602 1134 1878 1202 clamant,
1947 1137 2050 1188 diu
2092 1148 2280 1194 tamen
2322 1142 2386 1194 iis

178 1246 304 1284 non
346 1228 706 1284 commoveri
744 1225 1115 1282 videbantur.

347 1330 565 1385 Canem
603 1330 892 1383 mediocre
930 1346 1204 1399 magnum
1244 1346 1373 1384 cum
1417 1337 1475 1387 in
1512 1337 1819 1405 aquarium
1854 1333 2207 1413 injecissem‚
2254 1359 2383 1413 sep-

159 1440 294 1486 ‘tem
329 1432 548 1502 digitos
584 1433 798 1498 altum,
844 1431 935 1485 cui
973 1442 1296 1501 gymnotus
1331 1435 1468 1488 satis
1510 1454 1754 1508 magnus
1794 1439 2007 1503 inerat3
2055 1442 2111 1494 in
2155 1443 2381 1496 terribi-

171 1534 285 1587 lem
322 1533 515 1586 statim
552 1531 849 1598 ulutatum
884 1532 979 1585 ille
1008 1533 1227 1604 erupit:
1285 1536 1570 1591 continuo
1615 1556 1842 1594 summa
1874 1558 1988 1612 ope
2029 1560 2098 1595 ex
2136 1544 2379 1613 aquario

170 1633 444 1689 studebat
477 1633 736 1699 exsilire,
799 1633 900 1686 sed
941 1651 1016 1687 ne
1054 1636 1263 1706 pedem
1302 1637 1539 1708 quidem
1576 1655 1645 1692 ex
1686 1655 1840 1710 aqua
1875 1642 2076 1696 tollere
2114 1655 2378 1715 poterat,

164 1747 269 1792 aut
304 1737 378 1790 ad
407 1751 574 1788 oram
610 1724 759 1787 vasis
789 1735 1102 1804 progredi,
1146 1737 1290 1806 quin
1323 1737 1545 1793 labaret
1577 1750 1634 1794 et
1665 1742 2023 1810 procideret,
2072 1745 2224 1799 labia
2251 1740 2378 1820 ejus

171 1838 557 1894 convulsione
592 1835 846 1906 quadam
881 1833 1357 1905 retrahebantur,
1416 1851 1483 1893 ut
1526 1839 1882 1896 furibundae
1930 1844 2117 1897 instar
2163 1845 2377 1902 bestiae

169 1942 366 1995 dentes
405 1948 685 1992 exsereret
718 1947 773 1990 et
799 1935 1108 1992 frenderet.
1220 1937 1450 1994 Totum
1481 1936 1606 2016 ejus
1642 1960 1858 2015 corpus
1898 1946 2094 2016 coepit
2133 1954 2374 2004 tremere

168 2051 226 2096 et
260 2042 662 2110 languescere,
727 2038 1054 2109 elapsisque
1101 2039 1333 2095 duabus
1386 2043 1630 2097 minutis
1685 2046 1857 2099 toties
1905 2047 2259 2117 procubuit,
2307 2060 2375 2104 ut

164 2142 276 2196 nisi
311 2151 650 2212 extempore
693 2140 878 2194 elatus
912 2151 1083 2208 esset,
1131 2159 1285 2214 aqua
1321 2155 1465 2198 esset
1492 2142 1837 2200 suffocatus:
1880 2164 2218 2220 quanquam
2257 2149 2370 2203 dif-

163 2239 313 2321 ficile
351 2253 473 2297 erat
517 2243 686 2296 illum
733 2240 1055 2310 extrahere,
1115 2244 1280 2313 quod
1320 2245 1659 2314 mordebat,
1705 2257 1762 2301 et
1808 2258 1968 2303 tanta
2009 2249 2066 2303 vi
2106 2250 2368 2307 electrica

155 2341 432 2414 perfusus
468 2353 621 2410 erat,
662 2353 762 2410 ut,
810 2344 913 2414 qui
943 2361 1074 2398 eum
1100 2345 1446 2418 attingebat,
1492 2358 1916 2420 percuteretur.

329 2440 618 2496 Conabor
656 2460 840 2509 nunc,
886 2445 1029 2515 quid
1071 2445 1222 2516 ipse,
1270 2459 1454 2502 tactus
1499 2449 1601 2503 illo
1636 2449 1856 2519 fluido,
1902 2453 2206 2520 senserim,
2265 2470 2365 2508 ex-

154 2542 414 2614 primere
450 2553 626 2613 atque
659 2545 915 2616 primu-m
949 2563 1135 2618 ‘quam
1180 2547 1336 2603 viam
1377 2547 1600 2619 fecerit,
1646 2552 1857 2608 deinde
1889 2569 2012 2624 quo
2047 2571 2217 2608 sensu
2249 2555 2361 2609 sim

157 2638 416 2700 affectus.
2070 2707 2072 2709 .

296 2739 398 2800 A.
486 2743 675 2826 Quod
712 2748 787 2802 ad
823 2747 1007 2816 viam,
1053 2766 1231 2821 quam
1272 2752 1381 2807 ista
1419 2752 1679 2825 perfusio
1714 2754 1975 2809 electrica
2011 2749 2172 2824 fecit,
2216 2757 2363 2825 *atti--

156 2854 287 2914 net,
331 2859 510 2918 caput
545 2865 848 2919 nunquam
886 2866 950 2903 ea
974 2851 1231 2922 capitur,
1276 2853 1389 2906 nisi
1426 2853 1579 2909 forte
1617 2856 2039 2910 conductorem
2079 2838 2128 2912 ei
2164 2859 2355 2930 appli-

156 2962 278 3015 ceS‚
326 2959 428 3004 aut
466 2950 763 3004 metallum
809 2951 1055 3021 aliquod
1096 2968 1374 3023 magnum
1411 2972 1511 3010 ore
1550 2966 1770 3026 teneas,
1810 2973 1939 3030 quo
1979 2958 2126 3030 ignis
2174 2969 2362 3027 attra-v

151 3044 338 3108 hitur.
446 3049 658 3125 Neque
708 3053 769 3108 in
819 3061 1110 3111 ventre'et
1143 3065 1384 3127 pectore
1424 3057 1752 3132 quidquam
1794 3060 2078 3132 percipis,
2122 3060 2233 3114 nisi
2275 3055 2350 3115 sit

1791 3158 1844 3217 C
