2512 3708
1053 250 1470 307 ...23-

163 394 313 448 erat,
363 382 676 443 duodecim
717 380 988 435 homines
1022 381 1272 435 invicem
1316 400 1520 437 manus
1559 383 1858 454 tenebant,
1905 395 1966 440 et
2004 387 2107 458 qui
2150 389 2379 459 primus

162 485 373 542 ordine
405 485 620 551 stabat,
667 484 882 557 piscem
915 483 1280 537 conductore
1306 485 1603 554 tangebam
1649 487 1948 558 percussio
1979 493 2377 546 autern'modo

164 589 237 640 ad
280 588 510 639 tertium
562 588 743 638 modo
787 595 1012 637 sextum
1053 583 1236 636 modo
1284 586 1595 655 septimum
1644 589 2003 658 pertinebat,
2083 594 2217 647 rard
2256 610 2379 647 am-

162 689 353 760 plius;
419 699 602 760 prout
648 687 825 758 piscis
870 679 1067 760 major
1112 695 1212 739 aut
1267 687 1496 755 minor,
1560 687 1814 744 fluidum
1855 689 2152 748 effundere
2194 695 2377 767 magis

163 791 428 844 minusve
474 805 806 861 propensus
833 798 984 855 erat,
1032 798 1087 842 et
1117 805 1230 860 pro
1265 789 1414 841 a'e'ris
1449 791 1744 860 temperie.

338 889 392 962 ι)
439 890 910 970 Quatuordecim
941 888 1240 958 homineS,
1300 891 1400 961 qui
1432 891 1638 945 leviter
1665 902 1890 946 tantum
1921 895 2108 949 resina
2133 897 2379 958 solitarii

161 991 295 1046 facti
336 1003 530 1060 erant,
580 1008 759 1044 manu
810 991 954 1045 alter
1009 993 1254 1045 alterum
1307 990 1781 1063 prehendebant3
1854 996 2082 1066 primus
2124 1016 2378 1069 gymno.

156 1102 287 1145 .tum
323 1093 687 1146 conductore
715 1092 1010 1161 tangebat:
1066 1109 1172 1145 nec
1212 1109 1471 1162 unquam
1514 1095 1820 1164 pauciores
1862 1112 2038 1171 quam
2072 1109 2229 1168 octo,
2272 1112 2375 1156 aut

159 1194 360 1266 plures
392 1211 566 1263 quam
594 1192 906 1245 duodecim
928 1192 1020 1249 vel
1039 1192 1313 1245 tredecim
1330 1194 1835 1250 convellebantur.
1885 1195 2245 1254 Addendum
2264 1219 2368 1256 au-

161 1306 274 1349 tem
309 1305 422 1360 est,
462 1308 689 1364 semper
727 1309 825 1346 sex
857 1302 1070 1347 octove
1097 1289 1365 1347 homines
1398 1294 1659 1348 timentes
1688 1315 1894 1352 manus
1920 1317 2042 1354 non
2069 1303 2261 1358 stricte
2290 1314 2372 1358 te-

157 1395 370 1462 nuisse,
410 1405 466 1449 et
492 1395 700 1450 orbem·
719 1394 1035 1466 collegisse,
1081 1393 1164 1449 sle
1188 1406 1401 1463 autem,
1448 1413 1580 1450 cum
1603 1415 1726 1452 non
1748 1401 2142 1457 solitariifacti
2161 1419 2372 1479 essent,

160 1497 280 1550 vim
310 1497 634 1551 admodum
671 1493 1012 1560 infirmasse.

322 1594 394 1674 2)
439 1597 791 1654 Persuasum
824 1596 1046 1666 habeo,
1093 1598 1407 1669 aliquoties
1441 1600 1647 1671 viginti
1684 1601 1861 1659 ferme
1887 1604 2155 1666 homines
2187 1621 2374 1670 tactos

154 1717 306 1767 esse,
363 1711 420 1755 et
453 1701 527 1753 ad
567 1701 764 1771 plures
803 1699 1008 1764 etiam,
1073 1700 1186 1752 nisi
1229 1717 1324 1768 ea,
1397 1717 1516 1772 qua
1557 1699 1784 1775 optime
1822 1721 2077 1779 possunt
2118 1713 2373 1774 solitarii

152 1798 309 1870 fieri,
358 1801 595 1858 materia
619 1799 860 1857 fuissem
894 1800 1233 1855 destitutus,

1139 1900 1194 1978 §0
1286 1920 1383 1977 19.

315 2000 379 2056 Si
429 2001 490 2056 hi
543 2003 728 2075 pisces
774 2003 1240 2060 conductoribus
1287 2008 1434 2062 varii
1485 2009 1799 2078 circuitus,
1859 2023 1962 2068 aut
2006 2018 2375 2077 conductores

154 2106 257 2176 qui
291 2121 424 2159 cum
459 2105 584 2160 aliis
624 2105 770 2159 varii
804 2105 1060 2161 ambitus
1102 2102 1514 2182 conjungitur,
1575 2113 1729 2182 tangi
1769 2115 1989 2184 solent,
2053 2119 2098 2172 is
2143 2119 2367 2192 homo,

150 2209 253 2278 qui
290 2202 579 2281 majorem
622 2208 1010 2262 conductoris
1045 2207 1416 2282 superficiem·
1458 2225 1873 2286 praeparatam
1922 2219 2188 2293 attingit,
2240 2241 2356 2279 ma-

147 2310 299 2364 xIme
332 2327 560 2382 semper
586 2310 941 2381 percutitur.

319 2407 382 2488 1)
429 2410 494 2466 Si
530 2412 663 2484 quis
699 2412 955 2467 vicissim
991 2414 1173 2468 modo
1209 2410 1413 2471 fistula?
1438 2417 1787 2489 sclopetaria
1825 2421 2007 2476 modo
2034 2417 2139 2477 filo
2164 2423 2354 2482 ferreo

145 2523 505 2586 gymnotum
542 2515 759 2586 tangit,
801 2511 1001 2569 fistula
1037 2532 1266 2588 semper
1306 2519 1486 2590 magis
1518 2521 1866 2592 percutitur.

310 2616 382 2687 2)
427 2613 491 2672 Si
532 2616 661 2687 quis
698 2617 878 2671 altera
921 2634 1104 2671 manu·
1136 2614 1303 2672 filum
1340 2618 1682 2691 prehendit,
1728 2618 1895 2697 cujus
1937 2620 2070 2679 finis
2110 2624 2356 2682 inferlm·

142 2734 275 2773 cum
301 2715 498 2772 fistula
530 2718 878 2789 sclopetaria
911 2718 1228 2775 ferrumine
1265 2716 1617 2797 conjunctus
1647 2735 1755 2794 est,
1802 2725 1985 2782 altera,
2006 2742 2148 2781 vero
2183 2725 2358 2782 filum

141 2821 366 2889 solum,
411 2820 621 2874 deinde
664 2836 787 2875 uno
824 2822 1111 2891 temporis
1144 2833 1370 2893 puncto
1410 2835 1666 2897 utroque
1702 2828 2066 2886 conductore
2099 2847 2350 2901 gymno-

176 2931 303 2976 tum
344 2922 557 2993 tangit,
614 2922 674 2975 id
701 2920 1043 2992 brachium,
1108 2927 1273 2997 quod
1313 2924 1568 2984 fistulam
1606 2929 2022 3039 sclopetariam
2061 2942 2244 3002 tenet,
2291 2949 2352 2988 e·

141 3020 468 3079 hementius
500 3024 852 3097 percutitun
