2512 3708
1050 301 1461 341 ...21¹-

325 435 382 506 3)
433 432 586 489 Cum
629 434 844 488 iteratis
878 432 965 486 his
1009 434 1421 504 experimentis
1455 433 1854 501 observarem,
1901 435 2153 491 interdiu
2199 457 2270 494 ne
2306 442 2364 495 in

158 535 420 589 obscuris
461 538 696 607 quidem
727 536 869 590 locis
906 536 1291 588 scintillarum
1334 536 1450 588 vim
1490 537 1623 588 satis
1664 539 2014 607 perscrutari
2052 557 2142 594 me
2178 558 2370 612 posse,

156 638 259 692 has
298 639 399 694 feci
431 641 936 710 praeparatione&
970 636 1224 706 haecque
1260 647 1443 689 noctu
1482 637 1538 689 in
1572 639 1833 691 conc1avi
1870 639 2123 695 obscuro
2153 640 2286 696 feci:

320 741 491 796 Duae
539 739 765 795 fistulae
807 740 1187 810 sclopetariae
1226 733 1304 793 A.
1345 733 1417 793 B.
1450 734 1554 810 fig.
1589 757 1665 794 v1.
1707 739 1942 794 duobus
1982 740 2093 797 filis
2128 759 2186 799 n.
2220 759 2275 798 n.
2311 745 2369 823 in

158 842 215 902 d.
255 840 313 899 d.
352 843 669 897 ferrumine
704 838 1044 917 adjunctae,
1105 851 1162 894 et
1197 839 1511 893 amborum
1550 838 1791 895 filorum
1832 858 1888 899 n.
1929 860 1984 898 n.
2029 845 2191 898 alteri
2231 843 2372 899 fines

160 944 389 999 duabus
423 962 519 998 sex
556 945 769 1014 digitos
801 943 998 1013 longis
1036 939 1249 996 fistulis
1281 943 1643 1013 sclopetariis
1678 936 1740 999 C.
1787 938 1860 1000 E.
1899 955 1954 998 et
1989 962 2189 999 omnes
2232 965 2375 1018 qua-

151 1047 434 1100 .tuorloci
464 1045 828 1101 ferruminati
862 1046 919 1097 in
958 1060 1056 1096 xx,
1088 1043 1545 1097 laminis-stanni
1587 1047 1678 1100 vel
1719 1045 1854 1100 ferri
1896 1049 2130 1102 muniti.

328 1147 416 1202 Ut
441 1145 669 1201 fistulae
694 1145 1075 1215 sclopetariae
1106 1140 1178 1197 A.
1211 1139 1285 1197 B.
1321 1161 1353 1197 a
1385 1144 1594 1212 nobiS‚
1640 1146 1698 1200 vi
1737 1148 1999 1201 electrica
2038 1165 2161 1202 non
2193 1150 2378 1217 tactiS,

163 1250 394 1303 moveri
430 1248 691 1318 possint,
738 1254 1000 1316 quatuor
1042 1244 1173 1298 sicci
1207 1246 1381 1315 lignei
1422 1246 1615 1300 baculi
1653 1248 1711 1301 in
1739 1262 1777 1303 a
1804 1243 1836 1302 b
1862 1263 1888 1302 c
1915 1245 1971 1304 d.
2011 1250 2079 1303 iis
2118 1251 2378 1305 adstricti

161 1359 318 1403 sunt.
403 1346 582 1402 Parvi
614 1347 737 1400 duo
773 1348 1163 1401 conductores
1209 1340 1270 1402 C.
1309 1342 1388 1403 E.
1425 1365 1551 1403 cera
1591 1350 1932 1419 sigillatoria
1968 1353 2214 1407 solitarii
2244 1353 2379 1408 facti

163 1451 328 1504 etita
365 1449 616 1502 instituti
654 1459 824 1515 sunt,
872 1459 938 1502 ut
974 1450 1139 1519 quod
1180 1460 1302 1504 erat
1341 1450 1501 1504 inter
1540 1452 1848 1522 utriusque
1883 1450 2059 1507 finem
2099 1454 2270 1525 spatii
2311 1455 2381 1507 li-

164 1552 298 1606 bere
342 1534 542 1623 posset
570 1578 572 1580 v
599 1561 703 1604 aut
743 1551 942 1604 diduci
997 1561 1100 1604 aut
1146 1551 1442 1617 contrahi,
1517 1563 1574 1606 et
1633 1565 1877 1623 uterque
1927 1556 2381 1624 quo-dammodo

167 1648 686 1727 conjungerentur.
770 1649 842 1703 In
877 1652 1175 1719 conclavi,
1231 1654 1396 1723 quod
1435 1655 1654 1724 pariete
1694 1656 2048 1726 intergerino
2093 1651 2165 1713 G.
2207 1649 2283 1711 R.
2322 1657 2387 1709 in-

165 1765 393 1827 partem
419 1753 733 1806 obscuram
763 1745 829 1806 0.
848 1752 1268 1807 etillustrat-'am
1297 1747 1360 1808 P.
1383 1754 1949 1824 dis-tributumverat,
1994 1758 2171 1810 istum
2200 1775 2386 1830 appa-

167 1865 363 1909 ratum
405 1853 485 1908 sic
527 1853 733 1925 posui,
813 1863 880 1907 ut
921 1848 980 1910 C.
1024 1849 1099 1914 E.
1146 1855 1204 1909 in
1249 1855 1500 1911 obscura
1547 1859 1832 1926 sectione,
1891 1869 1946 1913 et
1987 1863 2135 1914 rima
2169 1876 2241 1916 m.
2276 1860 2392 1913 sub

171 1957 349 2012 oculo
396 1956 764 2027 aliquantum
812 1955 1211 2011 observatoris
1259 1969 1438 2026 esset,
1507 1961 1735 2030 reliqu-a·
1778 1978 1920 2016 vero
1965 1980 2109 2035 pars
2151 1963 2209 2017 in
2253 1964 2387 2017 illu·
2457 1941 2461 1943 b

171 2068 367 2115 strata.
416 2052 480 2114 P.
580 2055 896 2112 Foramina
941 2053 1014 2112 H.
1067 2059 1304 2130 parietis
1347 2060 1715 2132 intergerini,
1770 2080 1878 2134 per
1913 2082 2061 2135 quae
2100 2060 2198 2119 fila
2239 2081 2296 2120 n.
2331 2082 2394 2120 n.

173 2178 242 2214 ex
283 2160 462 2214 altera
508 2159 804 2215 conclavis
844 2161 1100 2216 sectione
1145 2161 1207 2215 in·
1250 2162 1493 2218 alteram
1532 2165 1890 2234 transibant,
1937 2183 2065 2222 cera
2102 2167 2393 2238 sigillato·

173 2262 261 2317 ria
285 2261 551 2320 obduxi.

339 2359 784 2433 G-ymnotu‘s'in
828 2366 933 2421 reti
972 2376 1028 2422 et
1070 2364 1321 2422 humido
1363 2384 1570 2439 panno>
1603 2386 1833 2425 mensae
1870 2370 2064 2426 aridae
2099 2382 2155 2439 et
2186 2373 2390 2427 solita-

173 2463 296 2519 riae
327 2464 512 2520 factae
546 2467 612 2520 in>
656 2468 944 2525 illustrata
983 2471 1278 2525 conclavis
1327 2482 1493 2542 parte
1539 2488 1732 2544 prope
1764 2474 2046 2545 'parietem
2088 2473 2390 2544 intergeri-

174 2584 320 2619 num
358 2561 431 2621 G.
461 2561 536 2622 R.
565 2569 930 2640 ponebatur:
982 2573 1027 2627 si
1061 2574 1259 2644 plures
1304 2574 1504 2627 elicere
1544 2574 1815 2628 volebam
1851 2575 2153 2643 scintillas,
2200 2593 2399 2630 mensa

175 2683 311 2721 cum
351 2669 483 2722 solo
519 2665 1011 2744 conjungebatur.
1125 2675 1270 2729 Duo
1306 2673 1576 2730 homines
1616 2677 1884 2730 destina-ti
1922 2688 2114 2744 erant,
2159 2678 2263 2746 qui
2306 2678 2395 2730 in-

178 2765 384 2825 vicem'
412 2771 640 2825 duabus
680 2770 891 2829 fistulis
936 2776 1303 2847 sclopetariis
1354 2789 1533 2849 caput
1579 2788 1635 2832 et
1682 2780 1924 2832 caudam
1975 2780 2149 2850 piscis
2201 2791 2396 2850 tange-

177 2883 323 2927 rent.
440 2874 681 2930 Deinde
714 2887 1034 2945 utrumque
1074 2880 1498 2934 conductorem
1537 2873 1596 2936 C.
1631 2873 1712 2934 E..
1747 2880 1829 2934 sic
1877 2882 2398 2952 appropinquavi,

179 2987 246 3031 ut
281 2977 428 3032 rima
464 2994 537 3033 m.
576 2995 700 3032 non
735 2980 845 3032 nisi
885 2981 1097 3035 lineam
1141 2981 1447 3034 dimidiam
1489 2965 1764 3050 efficeret,
1807 2980 2201 3054 magnumque
2240 2984 2401 3052 tetigi

180 3090 561 3148 gymnotunu
605 3097 726 3152 quo
754 3078 925 3135 facto
971 3079 1149 3137 celere
1187 3083 1469 3138 emicabat
1503 3083 1605 3136 lux
1642 3084 1699 3137 in
1738 3100 1807 3139 m.
1845 3096 1901 3139 et
1929 3096 2068 3157 post
2096 3086 2389 3158 plurimae
