2512 3708
319 498 481 555 Cum
528 498 850 570 aliquando
887 492 1290 568 ·Gymnotum
1335 499 1398 552 in
1436 513 1737 569 cupreum
1767 507 1912 565 xvas,
1959 495 2207 551 obtento
2243 496 2381 565 reti,

148 599 510 679 injecissent,
559 600 839 657 omnibus
874 601 1071 656 statim
1108 599 1336 655 viribus
1367 601 1778 672 annitebatur,
1824 611 1893 655 ut
1927 600 2215 667 exsiliret,
2272 599 2382 653 do-

152 722 260 762 nec
295 707 427 762 illae
458 707 929 778 languesssce're'nt5⁴
974 715 1250 760 vas-vero
1274 705 1577 759 *intactum
1606 715 1728 759 erat
1753 703 2121 759 vielectric-a.
2209 695 2381 755 Post·

152 826 400 882 eaquam
446 818 565 864 rete
615 806 778 876 toni,
832 817 895 862 'et
929 820 1032 862 vas
1073 807 1154 862 ita
1187 806 1473 861 inclinari
1519 802 1852 883 jussissem,
1900 816 1981 860 *ut
2020 806 2195 877 piscis
2228 804 2379 859 elabi

149 911 389 983 quidem
430 918 664 983 posset,
727 909 832 965 sed
883 926 1049 966 oram
1088 911 1249 969 {vasis
1299 910 1372 965 ab
1421 926 1490 966 eo
1545 911 1754 983 attingi
1808 927 2034 966 necesse
2078 922 2250 975 esset,
2310 925 2380 964 eo

149 1013 285 1086 ipso
324 1024 620 1086 tempore,
652 1023 786 1084 v'quo
831 1027 937 1067 ora
973 1013 1400 1084 attingebatur,
1449 1013 1519 1081 ii,
1564 1014 1666 1083 qui
1707 1031 1809 1069 vas
1850 1013 2156 1079 tenebant,
2206 1010 2379 1066 vehe-

147 1115 403 1169 mentius
444 1132 504 1169 se
541 1116 688 1170 iet-os
714 1114 1065 1168 sentiebant.
1153 1113 1484 1186 Reportavi
1530 1132 1664 1169 eum
1709 1114 1922 1169 deinde
1965 1115 2025 1168 in
2073 1116 2227 1168 idem
2256 1133 2376 1181 vas,

148 1228 208 1272 et
243 1217 487 1288 singulis
524 1215 730 1268 diebus
767 1230 985 1285 aquam
1015 1217 1280 1284 mutavi,
1352 1217 1465 1271 used
1514 1229 1657 1288 post
1700 1227 1965 1289 quatuor
2005 1218 2128 1273 dies
2179 1219 2258 1274 ita
2292 1218 2377 1273 la·

134 1318 416 1388 boravst,
459 1327 530 1372 ut
560 1315 930 1387 brevis-sime,
975 1317 1091 1374 ni-si
1128 1319 1503 1398 exemissem‚
1550 1320 1980 1392 exspiravisset.

1137 1498 1197 1579 ς.
1289 1512 1342 1566 8.

304 1621 445 1680 Atia
469 1636 730 1696 'prorsus
761 1634 898 1681 erat
924 1626 1120 1692 rati-0,
1169 1642 1303 1679 oum
1348 1627 1408 1680 in
1449 1643 1692 1696 aenum,
1738 1627 1907 1683 ferro
1943 1627 2081 1683 fuso
2119 1626 2368 1703 factum,

137 1721 312 1802 eujus
348 1724 634 1783 ‚diameter
659 1727 839 1780 trium
872 1737 930 1809 et
962 1727 1191 1781 dimidii
1228 1728 1473 1805 pedum,
1509 1729 1798 1801 quodque
1833 1748 2014 1802 supra
2045 1733 2241 1786 decem
2279 1733 2372 1789 vel

140 1829 491 1899 duodeci-ms,
555 1827 714 1885 infr-a
764 1829 972 1905 viginti
1018 1830 1200 1886 lineas
1248 1831 1782 1904 complectebatur,
1851 1845 2175 1906 postquam
2218 1853 2373 1909 aqua

138 1942 262 1987 erat
302 1933 642 2006 impletum,
709 1944 990 2004 magnum
1030 1926 1308 1990 inferrem
1347 1947 1726 2008 gymno-tum.
1811 1933 2078 2011 Stupore
2115 1940 2209 1995 vel
2243 1950 2368 1996 tor·

130 2051 284 2108 pore
341 2036 605 2106 quodam
655 2046 965 2109 correptus
1018 2037 1283 2109 quinque
1334 2039 1428 2093 vel
1483 2056 1582 2095 sex
1642 2040 1897 2095 minutas
1963 2042 2134 2097 nullo
2177 2043 2364 2098 modo

133 2155 192 2195 se
219 2137 663 2208 commovebat,
713 2155 1057 2212 quanquam
1097 2141 1237 2195 satis
1269 2152 1396 2196 erat
1431 2142 1640 2215 spatii3
1682 2144 1814 2196 ‘tum
1855 2144 2020 2200 tarde
2058 2156 2116 2200 et
2152 2146 2363 2204 timido

129 2241 334 2296 similis
373 2241 450 2296 ad
499 2257 664 2297 oram
704 2239 873 2298 aheni
917 2260 976 2299 se
1019 2244 1500 2317 appropinquat,
1579 2255 1816 2319 repente
1868 2257 2064 2301 autem
2116 2247 2361 2324 refugit,

125 2360 193 2399 ac
226 2345 273 2398 si
319 2344 468 2399 illud
516 2343 882 2402 reformidet.
979 2346 1310 2421 Postquam
1345 2348 1447 2417 tali
1487 2349 1674 2406 modo
1717 2360 1988 2422 quartam
2026 2350 2145 2409 fere
2179 2352 2364 2413 horae

127 2457 359 2520 partem
408 2446 744 2518 quieverat,
802 2448 997 2506 ferreo
1041 2451 1394 2524 tangebatur
1433 2453 1729 2525 scipione3
1788 2465 1847 2509 et
1882 2472 2116 2527 gravem
2151 2457 2360 2515 edebat

126 2550 596 2606 concussionem.
723 2551 1081 2628 Complures
1142 2555 1354 2611 deinde
1405 2554 1678 2611 homines
1738 2574 1917 2612 manu
1966 2569 2158 2614 tenere
2203 2554 2356 2636 jussi

124 2653 253 2708 aeni
290 2662 490 2723 oram,
544 2646 695 2710 'alios
735 2656 1003 2714 dextram
1037 2659 1097 2732 in
1138 2666 1354 2732 aquam
1402 2668 1688 2733 mergeret*
1741 2669 1863 2730 quo
1896 2657 2055 2715 facto
2090 2662 2354 2718 conduc-

122 2766 315 2811 torem
344 2758 402 2812 -ei
437 2758 733 2831 opposui,
765 2761 835 2815 -in
875 2772 1053 2834 quem
1091 2771 1216 2817 non
1257 2763 1495 2832 eodem,
1542 2771 1697 2836 quo,
1743 2772 1876 2817 cum
1908 2763 1967 2817 in
1997 2769 2138 2820 'vase
2171 2779 2351 2838 aqua-

121 2858 214 2914 rio
251 2871 403 2930 erat,
465 2862 657 2917 modo
705 2863 909 2933 irruit,
974 2863 1378 2924 vehementem
1427 2877 1622 2923 tarne-n
1668 2866 1838 2922 ded-it
1878 2869 2348 2941 percussionem,

123 2973 464 3036 quanquam
504 2965 564 3020 in
606 2966 934 3037 neminem,
973 2968 1087 3032 nij'si
1118 2970 1227 3044 'qui
1259 2971 1705 3027 conductorem
1730 2971 1995 3037 tenebam
2029 2972 2138 3029 ÷alii
2193 2974 2351 3031 enim

124 3063 275 3120 nihil
307 3083 478 3124 sensu
508 3069 939 3147 percipiebant.
