2512 3708
1047 285 1457 339 „26-

163 441 387 510 lignum
430 431 724 498 madefiat,
795 431 1082 485 secundus
1130 430 1460 485 conductor
1507 416 1958 502 percussionemv
1981 430 2130 497 edit,
2185 447 2371 500 quan-

167 557 341 613 quam
382 536 798 607 imperfectam.

327 654 392 735 b)
440 656 500 711 Si
542 672 683 709 vero
711 656 965 724 lignum,
1012 656 1178 726 quod
1210 654 1597 708 conductores
1632 649 1858 727 jungit,
1907 651 2121 719 viride,
2169 669 2371 706 succu-

165 764 390 816 lentum
433 769 488 812 et
528 773 719 810 recens
756 756 1218 823 abscissumest,
1263 756 1560 827 percussio
1600 773 1722 809 non
1760 754 1992 825 segnior
2032 763 2150 821 est,
2198 769 2374 822 quam

165 861 209 914 si
246 862 395 914 duae
423 857 653 912 fistulae
689 858 1066 929 sclopetariae
1101 876 1159 912 se
1187 858 1496 928 attingant.

333 980 395 1053 2)
442 980 765 1048 Postquam
812 980 1081 1032 arborem
1131 969 1324 1031 adhuc
1363 988 1618 1030 teneram
1662 974 2018 1048 (Americani
2061 976 2375 1030 armenicas

162 1103 254 1140 eas
288 1093 503 1138 vocant
534 1075 753 1154 malos)
797 1075 967 1154 cujus
1010 1091 1250 1134 truncus
1293 1079 1562 1133 tredecim
1599 1078 2095 1148 complectebatur
2134 1077 2375 1147 digitos,

163 1187 384 1258 quique
422 1184 641 1236 multos
678 1182 979 1236 emittebat
1019 1198 1247 1247 ramOS,
1295 1197 1427 1234 cum
1467 1189 1754 1249 gymnoto
1798 1196 1904 1250 per
1940 1176 2195 1232 fistulam
2226 1177 2375 1231 sclo-

162 1288 447 1359 petariam
494 1278 952 1357 conjunxeram,
1008 1284 1308 1354 percussio
1364 1283 1456 1335 edi
1504 1280 1757 1348 solebat,
1816 1282 1860 1332 si
1911 1291 2150 1333 truncus
2198 1295 2378 1351 supra

161 1400 264 1443 aut
303 1387 461 1441 infra
495 1387 694 1440 locum
733 1385 1155 1455 attingebatur,
1217 1384 1308 1437 cui
1344 1384 1677 1437 conductor
1716 1392 1836 1436 erat
1875 1382 2219 1453 applicitus,
2278 1390 2380 1434 aut

160 1491 307 1545 rami
339 1481 439 1542 ubi
469 1499 682 1542 trunco
712 1487 927 1554 exorti,
977 1498 1031 1540 et
1052 1485 1234 1553 folia,
1285 1502 1432 1555 quae
1467 1486 1663 1549 locum
1705 1484 2101 1545 coronabant;
2145 1484 2192 1535 si
2235 1498 2375 1536 vero

160 1593 305 1645 rami
336 1591 616 1644 remotius
647 1607 679 1641 a
709 1572 919 1641 trunco
955 1587 1360 1657 tangebantur,
1408 1586 1855 1655 percussionum
1886 1586 1973 1636 vis
1999 1586 2205 1636 sensim
2223 1585 2378 1636 elan-

159 1693 497 1764 guescebat,
570 1699 858 1743 extremae
906 1705 1047 1742 vero
1101 1705 1407 1745 ramorum
1456 1686 1640 1758 partis
1687 1697 1929 1757 quartae
1982 1695 2038 1739 et
2092 1684 2379 1738 foliorum

160 1795 248 1848 vis
282 1796 456 1865 plane
490 1791 655 1845 nulla
687 1790 1018 1844 videbatur„

329 1917 387 1988 3)
435 1914 626 1969 Simili
672 1915 856 1967 modo
899 1901 1181 1982 cognovi,
1243 1910 1529 1980 resinam,
1584 1925 1771 1963 ceram
1813 1906 2147 1977 sigillatam,
2193 1906 2377 1995 pilos²

163 2035 384 2091 pennas
422 2027 481 2070 et
515 2017 725 2087 pellem
756 2016 930 2087 piscis
963 2008 1143 2087 hujus
1170 2011 1421 2078 aridam,
1467 2026 1714 2081 prorsus
1751 2026 1878 2062 non-
1911 2009 2253 2062 conducere.

325 2134 398 2214 4)
460 2131 769 2212 Conjunxi
847 2136 991 2188 duas
1055 2122 1276 2186 fistulas
1351 2131 1727 2202 sclopetarias
1809 2129 1937 2182 funi
2006 2129 2373 2197 cannabinO,

163 2258 338 2315 quem
387 2237 718 2293 fistularum
758 2237 848 2290 ori
894 2235 1111 2289 inserui
1152 2245 1208 2288 et
1246 2235 1406 2304 ligno
1451 2234 1621 2286 arido
1661 2232 1920 2297 munivi,
1995 2231 2075 2283 ita
2120 2247 2262 2284 vero
2311 2241 2379 2284 ut.

165 2361 262 2398 sex
301 2343 519 2414 pedum
558 2339 930 2394 intervallum
961 2338 1114 2391 inter
1142 2337 1342 2390 ambas
1371 2335 1772 2389 intercederet,
1854 2330 1915 2385 Si
1954 2322 2163 2386 dei‘nde
2199 2333 2377 2386 altera

165 2443 362 2499 fistula
391 2462 422 2497 a
449 2451 742 2513 gymnoto
772 2439 1270 2512 perfundebatur,
1334 2439 1511 2491 altera
1548 2453 1669 2490 non
1701 2433 2103 2496 concutiebat;
2148 2434 2193 2487 si
2221 2432 2376 2487 funis

165 2563 313 2601 vero
355 2561 507 2615 aqua
548 2542 1076 2614 conspergebatur,
1142 2540 1381 2604 leviter,
1449 2549 1504 2593 et
1539 2539 1585 2603 si
1625 2548 1784 2591 totus
1823 2533 2198 2603 madefiebat,
2252 2534 2375 2588 for-

165 2647 312 2714 tiuS,
384 2663 693 2716 nunquam
747 2660 887 2699 vero
940 2645 1019 2699 ita
1072 2641 1479 2711 vehementer,
1559 2649 1630 2694 utv
1663 2639 1712 2692 si.
1756 2638 1930 2693 ambo
1986 2637 2374 2692 conductores

166 2749 712 2804 committebantura

330 2869 393 2945 a)
437 2869 501 2925 Siv
528 2881 882 2943 gymnotum
913 2871 1017 2925 reti
1053 2869 1377 2943 piscatorio
1418 2867 1620 2922 subito
1650 2883 1878 2922 sursum
1908 2860 2095 2931 tolli'S,
2144 2862 2377 2915 nullum

163 2974 340 3028 sentis
374 2974 586 3041 ictum,
629 2975 673 3026 si
714 2984 858 3041 rete,
921 2973 1022 3027 ubi
1063 2984 1320 3040 tenetur,
1381 2973 1612 3026 aridum
1649 2981 1759 3033 est;
1841 2985 1914 3022 ne
1951 2979 2078 3020 tum
2118 2965 2374 3036 quidem,
2455 2995 2458 2996 ν

161 3074 207 3130 si
247 3073 647 3144 humectatur,
710 3086 776 3148 et,
811 3076 993 3131 trium
1022 3087 1373 3157 'quatuorve
1414 3075 1637 3148 pedum
1678 3069 1987 3128 intervallo
2031 3086 2063 3124 a
2100 3068 2254 3139 pisce
2292 3074 2374 3117 te-
