2512 3708
1034 293 1447 348 „30-

302 420 362 493 5)
405 419 841 489 percussiones,
908 438 1056 492 quae
1106 424 1164 476 in
1214 439 1431 494 corpus
1483 421 1808 475 humanum
1849 408 2222 492 transmittit,
2274 445 2342 497 ea

141 525 456 612 praecipue
498 523 828 576 extremitas
864 524 1135 594 superior
1173 524 1230 576 in
1278 540 1453 592 quam
1494 523 1819 597 transfluit,
1889 536 1944 578 et
1975 528 2215 597 ‘alterius
2261 530 2345 599 la—

141 626 275 680 teris
313 642 413 696 pes
451 625 642 677 sentit.

297 709 378 802 6)
427 722 655 797 Magno
698 719 973 789 hominum
1011 742 1260 800 numero
1304 726 1800 797 communicatur,
1856 728 2168 799 praecipue
2208 746 2349 797 vero

139 846 247 900 per
281 827 536 882 brachia.

126 925 132 927 ’
308 929 498 1009 Quod
554 923 742 1000 Bajon
790 929 1126 994 contendit,
1187 929 1230 981 si
1275 929 1470 998 plures
1531 927 1800 982 homines
1845 946 2052 982 manus
2104 930 2254 984 inter
2298 949 2355 984 se

44 1031 52 1039 ’
137 1033 546 1094 committant,
593 1028 899 1081 brachium
939 1040 1197 1094 tantum,
1244 1030 1343 1099 qui
1378 1028 1631 1100 fluidum
1663 1030 1934 1100 recipiat,
1992 1034 2246 1101 percuti,
2284 1034 2355 1086 ab

143 1130 547 1187 Humboldtio
586 1147 975 1208 quoque-non
1017 1142 1100 1184 est
1145 1127 1578 1183 confirmatum.

134 1212 137 1213 ⁷
314 1230 381 1308 6)
428 1228 797 1305 injucundus
827 1250 1024 1286 sensus
1058 1233 1409 1286 manationis
1440 1245 1713 1302 tanquam
1742 1213 2124 1304 formicarum
2155 1253 2361 1306 repen-

152 1337 297 1391 tium
321 1336 731 1401 continuatur,
778 1335 918 1386 dum
959 1335 1129 1410 piscis
1172 1334 1462 1403 tangitur,
1509 1337 1806 1406 percussio
1834 1349 2058 1404 autem,
2100 1353 2224 1391 non
2252 1339 2361 1391 nisi

151 1439 355 1493 iterata
393 1438 860 1509 contrectatione
901 1438 1159 1504 iteratur,
1492 1432 1496 1435 ’

318 1539 377 1609 8)
425 1536 677 1604 Omnia,
721 1555 900 1609 quae,
947 1554 1076 1590 curn
1107 1537 1358 1607 fluidum
1390 1537 1545 1605 istud
1582 1537 1639 1588 in
1683 1537 2106 1590 conductorem
2141 1540 2363 1607 transit,

149 1640 418 1696 sensibus
463 1651 777 1711 apparent,
837 1639 1421 1707 animadvertuntur,
1481 1638 1526 1689 si
1576 1636 1749 1708 piscis
1798 1656 1948 1691 unus
1996 1649 2227 1692 tantum
2277 1642 2367 1693 lo-

152 1762 252 1799 eus
282 1743 568 1814 tangitur,
617 1752 870 1797 ceterum
902 1719 1024 1812 ipse
1049 1757 1235 1812 paene
1270 1740 1567 1795 solitarius
1596 1738 1789 1811 ⁴5factus
1822 1751 1922 1794 est.
2016 1735 2371 1819 ‚Humboldtii

155 1845 622 1902 Observationes
655 1846 726 1898 de
768 1844 874 1898 hac
909 1826 967 1896 re
1002 1844 1175 1919 plane
1214 1842 1814 1912 consentiunt,quae
1838 1843 1988 1905 ,ideo
2029 1844 2220 1912 gravis
2257 1854 2369 1910 est,

155 1949 323 2021 quod
357 1958 422 2000 ut
448 1948 755 2014 nonnulli,
801 1940 1199 2023 Huntholdtius
1231 1945 1676 2017 nominatimet
1716 1939 1845 2018 Gay
1893 1941 2101 2017 Lyssap
2145 1941 2203 2022 *)
2264 1946 2372 1998 ob-

157 2060 499 2115 servarunt,
544 2043 700 2125 Raja
736 2049 991 2119 torpedo
1022 2059 1162 2100 tunc
1188 2047 1372 2101 modo
1411 2047 1818 2116 parcussiones
1856 2047 2002 2114 edit,
2050 2063 2180 2100 cum
2225 2048 2374 2100 duae

156 2146 284 2226 ejus
336 2147 668 2228 superficies
720 2161 1073 2221 tanguntur,
1139 2161 1195 2204 et
1245 2161 1483 2222 tangens
1533 2166 1664 2223 cum
1702 2150 1858 2220 pisce
1900 2149 2159 2202 clausum
2199 2148 2378 2204 efficit

162 2253 386 2324 orbem,
469 2322 473 2326 ¹

330 2351 400 2433 9)
443 2354 604 2410 Inter
635 2357 836 2427 plures
885 2357 1278 2412 conductores
1327 2354 1581 2429 fluidum
1618 2354 1735 2409 hoc
1770 2356 2096 2427 plurimum
2147 2356 2221 2411 ab
2257 2374 2377 2411 am-

162 2458 457 2529 plioribus
502 2458 804 2512 emittitur.
1309 2438 1313 2441 ¹
2269 2530 2272 2533 Ι

341 2559 437 2631 ιο)
483 2559 758 2627 Metalla,
818 2578 970 2632 aqua
994 2601 1009 2630 ,
1075 2577 1329 2633 corpora
1365 2559 1611 2615 humida
1648 2559 1929 2615 carbones
1967 2561 2117 2615 aridi
2154 2570 2209 2615 et
2245 2576 2379 2614 can-

167 2663 291 2716 didi
322 2663 711 2728 conductores
748 2674 905 2718 sunt.
2224 2644 2235 2649 ³

339 2763 446 2836 11)
490 2763 804 2819 lsolatores
852 2775 1015 2818 sunt:
1060 2765 1227 2835 pellis
1267 2765 1439 2835 piscis
1479 2764 1717 2833 siccata,
1778 2767 2000 2835 resina,
2057 2782 2183 2820 cera
2221 2765 2380 2836 sigil-

169 2863 317 2930 lata,
362 2866 652 2934 vitreum,
698 2867 925 2945 capilli,
970 2883 1226 2937 pennae,
1272 2867 1466 2920 lumen
1498 2866 1778 2939 flagranS,
1825 2871 1952 2935 aer,
1997 2869 2230 2937 oleum,
2274 2868 2383 2938 lig-

139 2984 316 3037 *num
350 2967 609 3036 aridum,
658 2966 931 3023 cannabis
969 2969 1063 3022 vel
1101 2968 1289 3022 linum
1326 2979 1383 3031 et
1422 2986 1570 3039 quae
1603 2970 1737 3026 inde
1773 2981 2074 3025 texuntur.

239 3101 301 3169 θ)
339 3106 396 3158 v.
434 3071 643 3158 ‘cahem
674 3107 898 3160 Annalen
928 3105 1014 3157 der
1041 3105 1243 3170 Physik,
1280 3105 1533 3162 T.XX11.
