<?xml version="1.0" encoding="UTF-8"?>
<!DOCTYPE html PUBLIC "-//W3C//DTD XHTML 1.0 Transitional//EN"
    "http://www.w3.org/TR/xhtml1/DTD/xhtml1-transitional.dtd">
<html xmlns="http://www.w3.org/1999/xhtml" xml:lang="en" lang="en">
 <head>
  <title>
</title>
<meta http-equiv="Content-Type" content="text/html;charset=utf-8" />
  <meta name='ocr-system' content='tesseract 3.04.00' />
  <meta name='ocr-capabilities' content='ocr_page ocr_carea ocr_par ocr_line ocrx_word'/>
</head>
<body>
  <div class='ocr_page' id='page_1' title='image "./degymnotoelectri00guis_0012.png"; bbox 0 0 2512 3708; ppageno 0'>
   <div class='ocr_carea' id='block_1_1' title="bbox 1064 259 1480 301">
    <p class='ocr_par' dir='ltr' id='par_1_1' title="bbox 1064 259 1480 301">
     <span class='ocr_line' id='line_1_1' title="bbox 1064 259 1480 301; baseline 0.01 -14"><span class='ocrx_word' id='word_1_1' title='bbox 1064 270 1149 287; x_wconf 83' lang='lat'><em>-</em></span> <span class='ocrx_word' id='word_1_2' title='bbox 1245 259 1480 301; x_wconf 36' lang='lat'>1⁴0-</span> 
     </span>
    </p>
   </div>
   <div class='ocr_carea' id='block_1_2' title="bbox 124 392 2385 1090">
    <p class='ocr_par' dir='ltr' id='par_1_2' title="bbox 124 392 2385 1090">
     <span class='ocr_line' id='line_1_2' title="bbox 124 392 2385 475; baseline 0.005 -25"><span class='ocrx_word' id='word_1_3' title='bbox 124 395 402 470; x_wconf 76' lang='lat' dir='ltr'>q&#39;uiescit‚</span> <span class='ocrx_word' id='word_1_4' title='bbox 449 409 606 466; x_wconf 75' lang='lat' dir='ltr'>aqua</span> <span class='ocrx_word' id='word_1_5' title='bbox 654 392 984 447; x_wconf 81' lang='lat' dir='ltr'>claritatem</span> <span class='ocrx_word' id='word_1_6' title='bbox 1024 393 1263 466; x_wconf 73' lang='lat' dir='ltr'>recipitz</span> <span class='ocrx_word' id='word_1_7' title='bbox 1310 393 1412 461; x_wconf 78' lang='lat' dir='ltr'>sed</span> <span class='ocrx_word' id='word_1_8' title='bbox 1447 392 1699 448; x_wconf 85' lang='lat' dir='ltr'>dorsum</span> <span class='ocrx_word' id='word_1_9' title='bbox 1735 393 1884 450; x_wconf 83' lang='lat' dir='ltr'>limo</span> <span class='ocrx_word' id='word_1_10' title='bbox 1911 409 1997 453; x_wconf 79' lang='lat' dir='ltr'>est</span> <span class='ocrx_word' id='word_1_11' title='bbox 2025 411 2385 475; x_wconf 75' lang='lat' dir='ltr'>contectum,</span> 
     </span>
     <span class='ocr_line' id='line_1_3' title="bbox 127 493 2381 572; baseline 0.004 -20"><span class='ocrx_word' id='word_1_12' title='bbox 127 499 232 572; x_wconf 85' lang='lat' dir='ltr'>qui</span> <span class='ocrx_word' id='word_1_13' title='bbox 262 497 485 552; x_wconf 76' lang='lat' dir='ltr'>farInae</span> <span class='ocrx_word' id='word_1_14' title='bbox 516 496 608 551; x_wconf 87' lang='lat' dir='ltr'>vel</span> <span class='ocrx_word' id='word_1_15' title='bbox 647 493 865 549; x_wconf 86' lang='lat' dir='ltr'>furfuri</span> <span class='ocrx_word' id='word_1_16' title='bbox 903 495 1111 549; x_wconf 86' lang='lat' dir='ltr'>similis</span> <span class='ocrx_word' id='word_1_17' title='bbox 1153 496 1432 561; x_wconf 88' lang='lat' dir='ltr'>videtur;.</span> <span class='ocrx_word' id='word_1_18' title='bbox 1467 506 1639 569; x_wconf 78' lang='lat' dir='ltr'>saepe</span> <span class='ocrx_word' id='word_1_19' title='bbox 1677 497 1847 554; x_wconf 85' lang='lat' dir='ltr'>illum</span> <span class='ocrx_word' id='word_1_20' title='bbox 1881 499 2089 556; x_wconf 85' lang='lat' dir='ltr'>limum</span> <span class='ocrx_word' id='word_1_21' title='bbox 2125 521 2158 559; x_wconf 85' lang='lat' dir='ltr'>a</span> <span class='ocrx_word' id='word_1_22' title='bbox 2194 523 2253 561; x_wconf 86' lang='lat' dir='ltr'>se</span> <span class='ocrx_word' id='word_1_23' title='bbox 2291 508 2381 561; x_wconf 88' lang='lat' dir='ltr'>di-</span> 
     </span>
     <span class='ocr_line' id='line_1_4' title="bbox 129 596 2383 669; baseline 0.005 -16"><span class='ocrx_word' id='word_1_24' title='bbox 129 599 406 668; x_wconf 86' lang='lat' dir='ltr'>mittunt,</span> <span class='ocrx_word' id='word_1_25' title='bbox 455 614 815 669; x_wconf 85' lang='lat' dir='ltr'>rursumque</span> <span class='ocrx_word' id='word_1_26' title='bbox 860 597 972 653; x_wconf 86' lang='lat' dir='ltr'>sibi</span> <span class='ocrx_word' id='word_1_27' title='bbox 1011 596 1346 653; x_wconf 75' lang='lat' dir='ltr'>attrahunt:</span> <span class='ocrx_word' id='word_1_28' title='bbox 1389 599 1437 653; x_wconf 87' lang='lat' dir='ltr'>si</span> <span class='ocrx_word' id='word_1_29' title='bbox 1475 616 1618 655; x_wconf 82' lang='lat' dir='ltr'>vero</span> <span class='ocrx_word' id='word_1_30' title='bbox 1658 616 1894 658; x_wconf 85' lang='lat' dir='ltr'>omnem</span> <span class='ocrx_word' id='word_1_31' title='bbox 1927 604 2147 660; x_wconf 83' lang='lat' dir='ltr'>volunt</span> <span class='ocrx_word' id='word_1_32' title='bbox 2179 608 2383 664; x_wconf 87' lang='lat' dir='ltr'>subito</span> 
     </span>
     <span class='ocr_line' id='line_1_5' title="bbox 128 699 2154 781; baseline 0.004 -25"><span class='ocrx_word' id='word_1_33' title='bbox 128 717 369 767; x_wconf 82' lang='lat' dir='ltr'>exuere,</span> <span class='ocrx_word' id='word_1_34' title='bbox 416 711 649 756; x_wconf 87' lang='lat' dir='ltr'>motum</span> <span class='ocrx_word' id='word_1_35' title='bbox 689 699 952 769; x_wconf 79' lang='lat' dir='ltr'>faciunt,</span> <span class='ocrx_word' id='word_1_36' title='bbox 1001 718 1127 772; x_wconf 86' lang='lat' dir='ltr'>quo</span> <span class='ocrx_word' id='word_1_37' title='bbox 1164 700 1321 756; x_wconf 83' lang='lat' dir='ltr'>facto</span> <span class='ocrx_word' id='word_1_38' title='bbox 1364 703 1559 758; x_wconf 87' lang='lat' dir='ltr'>omnis</span> <span class='ocrx_word' id='word_1_39' title='bbox 1590 704 2015 781; x_wconf 68' lang='lat' dir='ltr'>aquaturbida</span> <span class='ocrx_word' id='word_1_40' title='bbox 2052 717 2154 764; x_wconf 88' lang='lat' dir='ltr'>est.</span> 
     </span>
     <span class='ocr_line' id='line_1_6' title="bbox 293 799 2383 885; baseline 0.006 -29"><span class='ocrx_word' id='word_1_41' title='bbox 293 799 527 856; x_wconf 83' lang='lat' dir='ltr'>Mirum</span> <span class='ocrx_word' id='word_1_42' title='bbox 563 803 722 856; x_wconf 84' lang='lat' dir='ltr'>istud</span> <span class='ocrx_word' id='word_1_43' title='bbox 761 803 1034 872; x_wconf 87' lang='lat' dir='ltr'>videtur,</span> <span class='ocrx_word' id='word_1_44' title='bbox 1093 806 1262 876; x_wconf 85' lang='lat' dir='ltr'>quod</span> <span class='ocrx_word' id='word_1_45' title='bbox 1301 805 1475 878; x_wconf 86' lang='lat' dir='ltr'>piscis</span> <span class='ocrx_word' id='word_1_46' title='bbox 1515 805 1642 876; x_wconf 80' lang='lat' dir='ltr'>ille„</span> <span class='ocrx_word' id='word_1_47' title='bbox 1702 824 1895 880; x_wconf 85' lang='lat' dir='ltr'>neque</span> <span class='ocrx_word' id='word_1_48' title='bbox 1931 814 2070 867; x_wconf 86' lang='lat' dir='ltr'>Ioco</span> <span class='ocrx_word' id='word_1_49' title='bbox 2100 811 2161 866; x_wconf 82' lang='lat' dir='ltr'>in</span> <span class='ocrx_word' id='word_1_50' title='bbox 2199 829 2383 885; x_wconf 58' lang='lat' dir='ltr'>aquai.-</span> 
     </span>
     <span class='ocr_line' id='line_1_7' title="bbox 131 904 2382 988; baseline 0.005 -30"><span class='ocrx_word' id='word_1_51' title='bbox 131 904 223 959; x_wconf 83' lang='lat' dir='ltr'>rio</span> <span class='ocrx_word' id='word_1_52' title='bbox 268 904 506 972; x_wconf 72' lang='lat' dir='ltr'>cedem,</span> <span class='ocrx_word' id='word_1_53' title='bbox 553 920 744 975; x_wconf 83' lang='lat' dir='ltr'>neque</span> <span class='ocrx_word' id='word_1_54' title='bbox 778 906 1031 960; x_wconf 84' lang='lat' dir='ltr'>omnino</span> <span class='ocrx_word' id='word_1_55' title='bbox 1065 924 1124 961; x_wconf 87' lang='lat' dir='ltr'>se</span> <span class='ocrx_word' id='word_1_56' title='bbox 1151 923 1396 969; x_wconf 84' lang='lat' dir='ltr'>movens</span> <span class='ocrx_word' id='word_1_57' title='bbox 1432 925 1646 979; x_wconf 78' lang='lat' dir='ltr'>aquam</span> <span class='ocrx_word' id='word_1_58' title='bbox 1677 909 1921 966; x_wconf 82' lang='lat' dir='ltr'>diversis</span> <span class='ocrx_word' id='word_1_59' title='bbox 1950 914 2180 984; x_wconf 75' lang='lat' dir='ltr'>modiS,</span> <span class='ocrx_word' id='word_1_60' title='bbox 2225 932 2382 988; x_wconf 78' lang='lat' dir='ltr'>quo—</span> 
     </span>
     <span class='ocr_line' id='line_1_8' title="bbox 138 1005 2382 1090; baseline 0.006 -30"><span class='ocrx_word' id='word_1_61' title='bbox 138 1006 479 1074; x_wconf 84' lang='lat' dir='ltr'>tiescunque</span> <span class='ocrx_word' id='word_1_62' title='bbox 515 1005 564 1057; x_wconf 84' lang='lat' dir='ltr'>ei</span> <span class='ocrx_word' id='word_1_63' title='bbox 604 1006 779 1071; x_wconf 90' lang='lat' dir='ltr'>libet,</span> <span class='ocrx_word' id='word_1_64' title='bbox 830 1008 1019 1060; x_wconf 87' lang='lat' dir='ltr'>modo</span> <span class='ocrx_word' id='word_1_65' title='bbox 1060 1010 1120 1061; x_wconf 86' lang='lat' dir='ltr'>in</span> <span class='ocrx_word' id='word_1_66' title='bbox 1166 1009 1405 1076; x_wconf 88' lang='lat' dir='ltr'>orbem,</span> <span class='ocrx_word' id='word_1_67' title='bbox 1451 1012 1640 1063; x_wconf 89' lang='lat' dir='ltr'>modo</span> <span class='ocrx_word' id='word_1_68' title='bbox 1672 1012 1748 1064; x_wconf 83' lang='lat' dir='ltr'>ab</span> <span class='ocrx_word' id='word_1_69' title='bbox 1786 1012 2052 1068; x_wconf 85' lang='lat' dir='ltr'>inferiori</span> <span class='ocrx_word' id='word_1_70' title='bbox 2095 1018 2169 1070; x_wconf 88' lang='lat' dir='ltr'>ad</span> <span class='ocrx_word' id='word_1_71' title='bbox 2206 1035 2382 1090; x_wconf 83' lang='lat' dir='ltr'>supe·-</span> 
     </span>
    </p>
   </div>
   <div class='ocr_carea' id='block_1_3' title="bbox 138 1106 2390 1282">
    <p class='ocr_par' dir='ltr' id='par_1_3' title="bbox 138 1106 2390 1282">
     <span class='ocr_line' id='line_1_9' title="bbox 138 1106 2390 1187; baseline 0.009 -29"><span class='ocrx_word' id='word_1_72' title='bbox 138 1107 362 1166; x_wconf 71' lang='lat' dir='ltr'>riorem</span> <span class='ocrx_word' id='word_1_73' title='bbox 399 1106 602 1159; x_wconf 48' lang='lat' dir='ltr'>locum&lt;</span> <span class='ocrx_word' id='word_1_74' title='bbox 634 1106 726 1159; x_wconf 88' lang='lat' dir='ltr'>vel</span> <span class='ocrx_word' id='word_1_75' title='bbox 760 1108 1016 1180; x_wconf 87' lang='lat' dir='ltr'><strong>desuper</strong></span> <span class='ocrx_word' id='word_1_76' title='bbox 1053 1111 1334 1172; x_wconf 80' lang='lat' dir='ltr'>deorsum</span> <span class='ocrx_word' id='word_1_77' title='bbox 1372 1129 1750 1168; x_wconf 80' lang='lat' dir='ltr'>commovere</span> <span class='ocrx_word' id='word_1_78' title='bbox 1778 1116 2002 1187; x_wconf 75' lang='lat' dir='ltr'>possit,</span> <span class='ocrx_word' id='word_1_79' title='bbox 2042 1118 2216 1176; x_wconf 83' lang='lat' dir='ltr'>limus</span> <span class='ocrx_word' id='word_1_80' title='bbox 2242 1138 2390 1177; x_wconf 78' lang='lat' dir='ltr'>vero</span> 
     </span>
     <span class='ocr_line' id='line_1_10' title="bbox 140 1207 1021 1282; baseline 0.003 -19"><span class='ocrx_word' id='word_1_81' title='bbox 140 1223 324 1281; x_wconf 64' lang='lat' dir='ltr'>supra</span> <span class='ocrx_word' id='word_1_82' title='bbox 355 1207 551 1262; x_wconf 82' lang='lat' dir='ltr'>dictus-</span> <span class='ocrx_word' id='word_1_83' title='bbox 579 1208 832 1263; x_wconf 75' lang='lat' dir='ltr'><strong>vortices</strong></span> <span class='ocrx_word' id='word_1_84' title='bbox 865 1222 1021 1282; x_wconf 81' lang='lat' dir='ltr'>agat.</span> 
     </span>
    </p>
   </div>
   <div class='ocr_carea' id='block_1_4' title="bbox 1162 1387 1369 1471">
    <p class='ocr_par' dir='ltr' id='par_1_4' title="bbox 1162 1387 1369 1471">
     <span class='ocr_line' id='line_1_11' title="bbox 1162 1387 1369 1471; baseline 0.01 -22"><span class='ocrx_word' id='word_1_85' title='bbox 1162 1387 1369 1471; x_wconf 63' lang='lat'>§6-</span> 
     </span>
    </p>
   </div>
   <div class='ocr_carea' id='block_1_5' title="bbox 142 1514 2395 1692">
    <p class='ocr_par' dir='ltr' id='par_1_5' title="bbox 142 1514 2395 1692">
     <span class='ocr_line' id='line_1_12' title="bbox 306 1514 2385 1605; baseline 0.004 -34"><span class='ocrx_word' id='word_1_86' title='bbox 306 1514 590 1584; x_wconf 69' lang='lat' dir='ltr'>Metalla,</span> <span class='ocrx_word' id='word_1_87' title='bbox 647 1517 761 1572; x_wconf 82' lang='lat' dir='ltr'>sibi</span> <span class='ocrx_word' id='word_1_88' title='bbox 809 1519 1055 1574; x_wconf 76' lang='lat' dir='ltr'>admota</span> <span class='ocrx_word' id='word_1_89' title='bbox 1098 1519 1306 1587; x_wconf 83' lang='lat' dir='ltr'>sentit,</span> <span class='ocrx_word' id='word_1_90' title='bbox 1368 1529 1425 1575; x_wconf 91' lang='lat' dir='ltr'>et</span> <span class='ocrx_word' id='word_1_91' title='bbox 1466 1519 1838 1575; x_wconf 82' lang='lat' dir='ltr'>vehementer</span> <span class='ocrx_word' id='word_1_92' title='bbox 1874 1524 2154 1605; x_wconf 73' lang='lat' dir='ltr'>saepeiis</span> <span class='ocrx_word' id='word_1_93' title='bbox 2198 1521 2385 1580; x_wconf 83' lang='lat' dir='ltr'>affici·</span> 
     </span>
     <span class='ocr_line' id='line_1_13' title="bbox 142 1615 2395 1692; baseline 0.004 -18"><span class='ocrx_word' id='word_1_94' title='bbox 142 1628 261 1674; x_wconf 69' lang='lat' dir='ltr'>tur.</span> <span class='ocrx_word' id='word_1_95' title='bbox 347 1615 410 1672; x_wconf 88' lang='lat' dir='ltr'>Si</span> <span class='ocrx_word' id='word_1_96' title='bbox 453 1620 759 1674; x_wconf 78' lang='lat' dir='ltr'>metallum</span> <span class='ocrx_word' id='word_1_97' title='bbox 803 1619 1113 1690; x_wconf 80' lang='lat' dir='ltr'>quoddam</span> <span class='ocrx_word' id='word_1_98' title='bbox 1163 1620 1414 1688; x_wconf 83' lang='lat' dir='ltr'>aquario</span> <span class='ocrx_word' id='word_1_99' title='bbox 1451 1620 1682 1688; x_wconf 81' lang='lat' dir='ltr'>inseris,</span> <span class='ocrx_word' id='word_1_100' title='bbox 1741 1638 1864 1692; x_wconf 84' lang='lat' dir='ltr'>quo</span> <span class='ocrx_word' id='word_1_101' title='bbox 1909 1624 2049 1677; x_wconf 82' lang='lat' dir='ltr'>loco</span> <span class='ocrx_word' id='word_1_102' title='bbox 2076 1623 2136 1679; x_wconf 86' lang='lat' dir='ltr'>in</span> <span class='ocrx_word' id='word_1_103' title='bbox 2177 1629 2395 1682; x_wconf 57' lang='lat' dir='ltr'>oculos</span> 
     </span>
    </p>
   </div>
   <div class='ocr_carea' id='block_1_6' title="bbox 138 1719 2385 2826">
    <p class='ocr_par' dir='ltr' id='par_1_6' title="bbox 138 1719 2385 2826">
     <span class='ocr_line' id='line_1_14' title="bbox 138 1719 2384 1797; baseline 0.004 -24"><span class='ocrx_word' id='word_1_104' title='bbox 138 1719 204 1773; x_wconf 81' lang='lat' dir='ltr'>ei·</span> <span class='ocrx_word' id='word_1_105' title='bbox 227 1733 352 1774; x_wconf 86' lang='lat' dir='ltr'>non</span> <span class='ocrx_word' id='word_1_106' title='bbox 383 1721 593 1789; x_wconf 55' lang='lat' dir='ltr'>cadits</span> <span class='ocrx_word' id='word_1_107' title='bbox 617 1732 818 1776; x_wconf 74' lang='lat' dir='ltr'>tamen·</span> <span class='ocrx_word' id='word_1_108' title='bbox 851 1721 1016 1775; x_wconf 82' lang='lat' dir='ltr'>illico</span> <span class='ocrx_word' id='word_1_109' title='bbox 1056 1719 1362 1792; x_wconf 77' lang='lat' dir='ltr'>cognitum</span> <span class='ocrx_word' id='word_1_110' title='bbox 1396 1721 1660 1792; x_wconf 82' lang='lat' dir='ltr'>petitet,</span> <span class='ocrx_word' id='word_1_111' title='bbox 1703 1724 1750 1778; x_wconf 83' lang='lat' dir='ltr'>si</span> <span class='ocrx_word' id='word_1_112' title='bbox 1790 1741 2106 1797; x_wconf 73' lang='lat' dir='ltr'>propenso</span> <span class='ocrx_word' id='word_1_113' title='bbox 2133 1738 2221 1782; x_wconf 87' lang='lat' dir='ltr'>est</span> <span class='ocrx_word' id='word_1_114' title='bbox 2258 1729 2384 1783; x_wconf 78' lang='lat' dir='ltr'>ani-</span> 
     </span>
     <span class='ocr_line' id='line_1_15' title="bbox 143 1823 2385 1913; baseline 0.004 -35"><span class='ocrx_word' id='word_1_115' title='bbox 143 1837 279 1890; x_wconf 85' lang='lat' dir='ltr'>m0‚</span> <span class='ocrx_word' id='word_1_116' title='bbox 327 1823 387 1877; x_wconf 87' lang='lat' dir='ltr'>vi</span> <span class='ocrx_word' id='word_1_117' title='bbox 425 1823 719 1894; x_wconf 81' lang='lat' dir='ltr'>electrica,</span> <span class='ocrx_word' id='word_1_118' title='bbox 764 1825 867 1880; x_wconf 76' lang='lat' dir='ltr'>sin·</span> <span class='ocrx_word' id='word_1_119' title='bbox 896 1824 1089 1879; x_wconf 73' lang='lat' dir='ltr'>minus</span> <span class='ocrx_word' id='word_1_120' title='bbox 1129 1841 1238 1879; x_wconf 85' lang='lat' dir='ltr'>ore</span> <span class='ocrx_word' id='word_1_121' title='bbox 1267 1840 1379 1879; x_wconf 87' lang='lat' dir='ltr'>suo</span> <span class='ocrx_word' id='word_1_122' title='bbox 1410 1823 1626 1896; x_wconf 80' lang='lat' dir='ltr'>tangit,</span> <span class='ocrx_word' id='word_1_123' title='bbox 1671 1825 1886 1880; x_wconf 88' lang='lat' dir='ltr'>deinde</span> <span class='ocrx_word' id='word_1_124' title='bbox 1928 1829 2168 1885; x_wconf 78' lang='lat' dir='ltr'>recedit.</span> <span class='ocrx_word' id='word_1_125' title='bbox 2247 1831 2385 1913; x_wconf 63' lang='lat' dir='ltr'>‘Qai-</span> 
     </span>
     <span class='ocr_line' id='line_1_16' title="bbox 142 1925 2380 2001; baseline 0.005 -22"><span class='ocrx_word' id='word_1_126' title='bbox 142 1925 416 1997; x_wconf 84' lang='lat' dir='ltr'>gymno-ti</span> <span class='ocrx_word' id='word_1_127' title='bbox 454 1942 668 1982; x_wconf 78' lang='lat' dir='ltr'>recens</span> <span class='ocrx_word' id='word_1_128' title='bbox 717 1929 1066 2001; x_wconf 81' lang='lat' dir='ltr'>capiuntur,</span> <span class='ocrx_word' id='word_1_129' title='bbox 1133 1944 1510 2001; x_wconf 65' lang='lat' dir='ltr'>nequaquam</span> <span class='ocrx_word' id='word_1_130' title='bbox 1567 1943 1926 2000; x_wconf 83' lang='lat' dir='ltr'>magnopere</span> <span class='ocrx_word' id='word_1_131' title='bbox 1970 1933 2210 1987; x_wconf 86' lang='lat' dir='ltr'>student</span> <span class='ocrx_word' id='word_1_132' title='bbox 2256 1952 2380 1990; x_wconf 86' lang='lat' dir='ltr'>me-</span> 
     </span>
     <span class='ocr_line' id='line_1_17' title="bbox 144 2027 2384 2105; baseline 0.007 -26"><span class='ocrx_word' id='word_1_133' title='bbox 144 2027 284 2082; x_wconf 78' lang='lat' dir='ltr'>talla</span> <span class='ocrx_word' id='word_1_134' title='bbox 322 2028 383 2081; x_wconf 87' lang='lat' dir='ltr'>vi</span> <span class='ocrx_word' id='word_1_135' title='bbox 423 2045 530 2084; x_wconf 81' lang='lat' dir='ltr'>sua</span> <span class='ocrx_word' id='word_1_136' title='bbox 567 2031 830 2087; x_wconf 82' lang='lat' dir='ltr'>electrica</span> <span class='ocrx_word' id='word_1_137' title='bbox 867 2031 1262 2105; x_wconf 78' lang='lat' dir='ltr'>perfundere,</span> <span class='ocrx_word' id='word_1_138' title='bbox 1298 2040 1547 2104; x_wconf 85' lang='lat' dir='ltr'>torpore</span> <span class='ocrx_word' id='word_1_139' title='bbox 1589 2031 1808 2103; x_wconf 18' lang='lat' dir='ltr'>potius*</span> <span class='ocrx_word' id='word_1_140' title='bbox 1834 2035 2105 2103; x_wconf 81' lang='lat' dir='ltr'>quodam·</span> <span class='ocrx_word' id='word_1_141' title='bbox 2146 2037 2212 2090; x_wconf 87' lang='lat' dir='ltr'>iis</span> <span class='ocrx_word' id='word_1_142' title='bbox 2252 2036 2384 2094; x_wconf 64' lang='lat' dir='ltr'>affix-</span> 
     </span>
     <span class='ocr_line' id='line_1_18' title="bbox 143 2128 2378 2208; baseline 0.005 -24"><span class='ocrx_word' id='word_1_143' title='bbox 143 2128 410 2185; x_wconf 83' lang='lat' dir='ltr'>ciuntur:</span> <span class='ocrx_word' id='word_1_144' title='bbox 468 2133 574 2204; x_wconf 80' lang='lat' dir='ltr'>qui</span> <span class='ocrx_word' id='word_1_145' title='bbox 610 2150 752 2189; x_wconf 88' lang='lat' dir='ltr'>vero</span> <span class='ocrx_word' id='word_1_146' title='bbox 783 2135 1090 2206; x_wconf 83' lang='lat' dir='ltr'>aliquan-to</span> <span class='ocrx_word' id='word_1_147' title='bbox 1129 2134 1359 2189; x_wconf 80' lang='lat' dir='ltr'>diutius</span> <span class='ocrx_word' id='word_1_148' title='bbox 1398 2134 1472 2190; x_wconf 77' lang='lat' dir='ltr'>ad</span> <span class='ocrx_word' id='word_1_149' title='bbox 1500 2134 1901 2207; x_wconf 80' lang='lat' dir='ltr'>experimenta</span> <span class='ocrx_word' id='word_1_150' title='bbox 1926 2148 2065 2192; x_wconf 87' lang='lat' dir='ltr'>sunt</span> <span class='ocrx_word' id='word_1_151' title='bbox 2091 2137 2378 2208; x_wconf 80' lang='lat' dir='ltr'>adhibiti,</span> 
     </span>
     <span class='ocr_line' id='line_1_19' title="bbox 142 2235 2380 2310; baseline 0.004 -24"><span class='ocrx_word' id='word_1_152' title='bbox 142 2249 609 2303; x_wconf 74' lang='lat' dir='ltr'>nunquam-non</span> <span class='ocrx_word' id='word_1_153' title='bbox 651 2237 725 2291; x_wconf 84' lang='lat' dir='ltr'>iis</span> <span class='ocrx_word' id='word_1_154' title='bbox 759 2237 971 2292; x_wconf 75' lang='lat' dir='ltr'>irritat-i</span> <span class='ocrx_word' id='word_1_155' title='bbox 1010 2236 1221 2293; x_wconf 85' lang='lat' dir='ltr'>furore</span> <span class='ocrx_word' id='word_1_156' title='bbox 1256 2239 1522 2310; x_wconf 74' lang='lat' dir='ltr'>quodam</span> <span class='ocrx_word' id='word_1_157' title='bbox 1560 2237 1621 2292; x_wconf 86' lang='lat' dir='ltr'>in</span> <span class='ocrx_word' id='word_1_158' title='bbox 1655 2253 1720 2291; x_wconf 84' lang='lat' dir='ltr'>ea</span> <span class='ocrx_word' id='word_1_159' title='bbox 1748 2235 2049 2307; x_wconf 79' lang='lat' dir='ltr'>feruntur,</span> <span class='ocrx_word' id='word_1_160' title='bbox 2098 2239 2380 2296; x_wconf 79' lang='lat' dir='ltr'>inferiore</span> 
     </span>
     <span class='ocr_line' id='line_1_20' title="bbox 145 2334 2383 2415; baseline 0.003 -24"><span class='ocrx_word' id='word_1_161' title='bbox 145 2335 354 2408; x_wconf 83' lang='lat' dir='ltr'>capitis</span> <span class='ocrx_word' id='word_1_162' title='bbox 402 2334 720 2410; x_wconf 30' lang='lat' dir='ltr'>superficie*</span> <span class='ocrx_word' id='word_1_163' title='bbox 756 2357 822 2395; x_wconf 84' lang='lat' dir='ltr'>ea</span> <span class='ocrx_word' id='word_1_164' title='bbox 861 2350 1151 2409; x_wconf 82' lang='lat' dir='ltr'>atterunt,</span> <span class='ocrx_word' id='word_1_165' title='bbox 1229 2350 1289 2396; x_wconf 87' lang='lat' dir='ltr'>et</span> <span class='ocrx_word' id='word_1_166' title='bbox 1335 2340 1855 2415; x_wconf 71' lang='lat' dir='ltr'>super-vehuntur,</span> <span class='ocrx_word' id='word_1_167' title='bbox 1922 2352 1990 2395; x_wconf 81' lang='lat' dir='ltr'>ut</span> <span class='ocrx_word' id='word_1_168' title='bbox 2046 2345 2383 2414; x_wconf 72' lang='lat' dir='ltr'>percffssio-.</span> 
     </span>
     <span class='ocr_line' id='line_1_21' title="bbox 144 2438 2384 2512; baseline 0.004 -19"><span class='ocrx_word' id='word_1_169' title='bbox 144 2455 282 2493; x_wconf 85' lang='lat' dir='ltr'>nem</span> <span class='ocrx_word' id='word_1_170' title='bbox 318 2442 542 2496; x_wconf 84' lang='lat' dir='ltr'>iterent.</span> <span class='ocrx_word' id='word_1_171' title='bbox 628 2438 692 2495; x_wconf 85' lang='lat' dir='ltr'>Si</span> <span class='ocrx_word' id='word_1_172' title='bbox 735 2443 827 2496; x_wconf 82' lang='lat' dir='ltr'>cui</span> <span class='ocrx_word' id='word_1_173' title='bbox 868 2444 1204 2498; x_wconf 84' lang='lat' dir='ltr'>conductor-</span> <span class='ocrx_word' id='word_1_174' title='bbox 1242 2443 1497 2500; x_wconf 81' lang='lat' dir='ltr'>subinde</span> <span class='ocrx_word' id='word_1_175' title='bbox 1536 2446 1920 2512; x_wconf 82' lang='lat' dir='ltr'>admovetur,</span> <span class='ocrx_word' id='word_1_176' title='bbox 1971 2445 2188 2500; x_wconf 83' lang='lat' dir='ltr'>irritari</span> <span class='ocrx_word' id='word_1_177' title='bbox 2230 2447 2384 2502; x_wconf 67' lang='lat' dir='ltr'>desi.-</span> 
     </span>
     <span class='ocr_line' id='line_1_22' title="bbox 147 2530 2377 2621; baseline 0.002 -25"><span class='ocrx_word' id='word_1_178' title='bbox 147 2542 270 2609; x_wconf 70' lang='lat' dir='ltr'>nit,</span> <span class='ocrx_word' id='word_1_179' title='bbox 319 2543 502 2597; x_wconf 75' lang='lat' dir='ltr'>iratus</span> <span class='ocrx_word' id='word_1_180' title='bbox 544 2561 677 2598; x_wconf 86' lang='lat' dir='ltr'>eum</span> <span class='ocrx_word' id='word_1_181' title='bbox 716 2547 893 2617; x_wconf 90' lang='lat' dir='ltr'>petit,</span> <span class='ocrx_word' id='word_1_182' title='bbox 942 2561 1077 2598; x_wconf 80' lang='lat' dir='ltr'>cum</span> <span class='ocrx_word' id='word_1_183' title='bbox 1115 2563 1265 2600; x_wconf 84' lang='lat' dir='ltr'>vero</span> <span class='ocrx_word' id='word_1_184' title='bbox 1297 2564 1405 2602; x_wconf 81' lang='lat' dir='ltr'>sex.</span> <span class='ocrx_word' id='word_1_185' title='bbox 1438 2560 1750 2621; x_wconf 82' lang='lat' dir='ltr'>septemve·</span> <span class='ocrx_word' id='word_1_186' title='bbox 1771 2548 1947 2618; x_wconf 83' lang='lat' dir='ltr'>pedes</span> <span class='ocrx_word' id='word_1_187' title='bbox 1984 2548 2174 2616; x_wconf 75' lang='lat' dir='ltr'>abest,</span> <span class='ocrx_word' id='word_1_188' title='bbox 2221 2530 2377 2603; x_wconf 75' lang='lat' dir='ltr'>refu.-</span> 
     </span>
     <span class='ocr_line' id='line_1_23' title="bbox 149 2645 2384 2727; baseline 0.004 -30"><span class='ocrx_word' id='word_1_189' title='bbox 149 2645 262 2716; x_wconf 83' lang='lat' dir='ltr'>git,</span> <span class='ocrx_word' id='word_1_190' title='bbox 304 2645 520 2700; x_wconf 88' lang='lat' dir='ltr'>iterum</span> <span class='ocrx_word' id='word_1_191' title='bbox 553 2648 788 2718; x_wconf 83' lang='lat' dir='ltr'>prodit,</span> <span class='ocrx_word' id='word_1_192' title='bbox 837 2647 1096 2716; x_wconf 85' lang='lat' dir='ltr'>inquiete</span> <span class='ocrx_word' id='word_1_193' title='bbox 1128 2650 1448 2720; x_wconf 84' lang='lat' dir='ltr'>premitur,</span> <span class='ocrx_word' id='word_1_194' title='bbox 1506 2663 1562 2706; x_wconf 84' lang='lat' dir='ltr'>et</span> <span class='ocrx_word' id='word_1_195' title='bbox 1590 2646 2158 2727; x_wconf 77' lang='lat' dir='ltr'>injucundialiquid</span> <span class='ocrx_word' id='word_1_196' title='bbox 2194 2651 2384 2708; x_wconf 82' lang='lat' dir='ltr'>vitare</span> 
     </span>
     <span class='ocr_line' id='line_1_24' title="bbox 146 2747 2378 2826; baseline 0.003 -25"><span class='ocrx_word' id='word_1_197' title='bbox 146 2747 403 2804; x_wconf 75' lang='lat' dir='ltr'>videtur.</span> <span class='ocrx_word' id='word_1_198' title='bbox 512 2748 715 2822; x_wconf 81' lang='lat' dir='ltr'>Pergit</span> <span class='ocrx_word' id='word_1_199' title='bbox 761 2751 842 2806; x_wconf 81' lang='lat' dir='ltr'>ita</span> <span class='ocrx_word' id='word_1_200' title='bbox 881 2750 1096 2819; x_wconf 85' lang='lat' dir='ltr'>facere,</span> <span class='ocrx_word' id='word_1_201' title='bbox 1164 2753 1358 2808; x_wconf 85' lang='lat' dir='ltr'>donec</span> <span class='ocrx_word' id='word_1_202' title='bbox 1395 2754 1454 2809; x_wconf 89' lang='lat' dir='ltr'>in</span> <span class='ocrx_word' id='word_1_203' title='bbox 1492 2754 1665 2808; x_wconf 85' lang='lat' dir='ltr'>illum·</span> <span class='ocrx_word' id='word_1_204' title='bbox 1700 2756 1912 2819; x_wconf 82' lang='lat' dir='ltr'>irruat3</span> <span class='ocrx_word' id='word_1_205' title='bbox 1979 2755 2024 2808; x_wconf 87' lang='lat' dir='ltr'>si</span> <span class='ocrx_word' id='word_1_206' title='bbox 2063 2754 2378 2826; x_wconf 84' lang='lat' dir='ltr'>paululum</span> 
     </span>
    </p>
   </div>
   <div class='ocr_carea' id='block_1_7' title="bbox 152 2851 2376 3023">
    <p class='ocr_par' dir='ltr' id='par_1_7' title="bbox 152 2851 2376 3023">
     <span class='ocr_line' id='line_1_25' title="bbox 152 2851 2376 2934; baseline 0.004 -30"><span class='ocrx_word' id='word_1_207' title='bbox 152 2858 385 2905; x_wconf 79' lang='lat' dir='ltr'>tantum</span> <span class='ocrx_word' id='word_1_208' title='bbox 422 2851 615 2920; x_wconf 81' lang='lat' dir='ltr'>abest,</span> <span class='ocrx_word' id='word_1_209' title='bbox 660 2854 815 2908; x_wconf 86' lang='lat' dir='ltr'>duos</span> <span class='ocrx_word' id='word_1_210' title='bbox 857 2853 1084 2921; x_wconf 83' lang='lat' dir='ltr'>circite-r</span> <span class='ocrx_word' id='word_1_211' title='bbox 1123 2855 1372 2927; x_wconf 84' lang='lat' dir='ltr'>digitos,</span> <span class='ocrx_word' id='word_1_212' title='bbox 1414 2852 1540 2934; x_wconf 84' lang='lat' dir='ltr'>jam</span> <span class='ocrx_word' id='word_1_213' title='bbox 1582 2867 1909 2932; x_wconf 78' lang='lat' dir='ltr'>temperare</span> <span class='ocrx_word' id='word_1_214' title='bbox 1942 2857 2052 2914; x_wconf 85' lang='lat' dir='ltr'>sibi</span> <span class='ocrx_word' id='word_1_215' title='bbox 2094 2874 2218 2914; x_wconf 88' lang='lat' dir='ltr'>non</span> <span class='ocrx_word' id='word_1_216' title='bbox 2259 2872 2376 2932; x_wconf 84' lang='lat' dir='ltr'>po·</span> 
     </span>
     <span class='ocr_line' id='line_1_26' title="bbox 157 2940 1316 3023; baseline 0.008 -16"><span class='ocrx_word' id='word_1_217' title='bbox 157 2940 294 3023; x_wconf 54' lang='lat' dir='ltr'>best,</span> <span class='ocrx_word' id='word_1_218' title='bbox 338 2954 484 3014; x_wconf 56' lang='grc' dir='ltr'>εἰνὶ</span> <span class='ocrx_word' id='word_1_219' title='bbox 523 2956 763 3011; x_wconf 80' lang='lat' dir='ltr'>metallo</span> <span class='ocrx_word' id='word_1_220' title='bbox 800 2955 1016 3013; x_wconf 75' lang='lat' dir='ltr'>attrahi</span> <span class='ocrx_word' id='word_1_221' title='bbox 1052 2958 1316 3016; x_wconf 83' lang='lat' dir='ltr'>videtur.</span> 
     </span>
    </p>
   </div>
  </div>
 </body>
</html>
