2512 3708
1057 307 1471 360 ...26—

145 457 364 513 vulnus
403 451 502 511 aar
536 454 833 510 electricus
871 453 1490 520 circumfundebatur,
1536 454 1637 525 qui
1673 455 1817 508 dum
1860 454 2095 524 sanguis
2133 458 2364 510 emana-

143 560 277 628 bat,
322 556 673 631 permansit,
750 566 817 610 ut
855 558 957 612 diu
999 560 1169 612 nullo
1210 559 1397 613 modo
1434 558 1597 612 funis
1634 574 1739 629 per
1777 557 1994 610 vulnus
2038 557 2171 612 duci
2222 574 2365 628 pos-

145 673 261 729 set,
307 661 507 731 quod,
555 659 798 714 simulac
830 660 878 714 ei
913 648 1563 733 appropinquat-emm,
1590 668 2047 732 percuteremur.
2131 653 2242 713 Per
2274 658 2366 712 fu·

145 780 279 818 nem
317 761 477 817 hunc
517 762 734 835 piscem
782 763 941 835 palo
981 764 1293 834 suspendi,
1349 773 1406 817 et
1450 774 1589 834 post
1624 764 1769 815 duas
1818 772 1874 815 et
1910 759 2216 814 dimidiam
2255 759 2368 814 ho·

145 882 238 921 tas
269 866 327 919 in
363 882 561 920 mensa
598 882 730 918 eum
766 865 948 918 secui:
995 865 1095 918 sed
1122 866 1355 918 nullum
1389 865 1594 919 edebat
1629 863 2010 918 electricitatis
2039 862 2368 933 vestigium,

144 974 494 1041 quanquam
525 966 720 1020 cordis
757 977 955 1019 motus
995 977 1120 1019 erat
1157 985 1332 1019 verus
1369 976 1425 1020 et
1465 956 1642 1037 caput
1668 983 2043 1021 commovere
2075 975 2327 1038 poterat.

307 1069 435 1123 Etsi
495 1077 698 1141 pectus
749 1077 806 1121 et
861 1067 1253 1120 ventriculum
1306 1081 1688 1138 aperueram,
1738 1066 2125 1136 intestinaque
2175 1066 2366 1120 cultro

145 1187 503 1238 exemeram,
588 1181 779 1237 tamen
836 1183 959 1222 non
1007 1169 1118 1222 nisi
1171 1177 1387 1239 quator
1435 1166 1601 1221 horis
1648 1178 1706 1221 et
1751 1167 2084 1221 octodecim
2125 1167 2367 1220 minutis

132 1284 468 1346 *postquam
500 1289 636 1327 eum
673 1271 1124 1342 suspenderam,
1172 1270 1473 1324 circulatio
1500 1270 1675 1342 plane
1701 1266 1960 1323 cessavit.

1131 1451 1188 1526 §.
1285 1468 1372 1523 15·

307 1576 753 1644 PercussioneS,
799 1594 943 1647 quas
987 1575 1157 1646 piscis
1196 1573 1289 1627 hic
1329 1573 1567 1638 edebat,
1616 1588 1818 1626 omnes
1849 1572 1949 1642 qui
1984 1572 2048 1626 iis
2075 1590 2133 1626 se
2161 1568 2387 1627 offere-·

137 1681 324 1750 bant,
370 1681 452 1735 ita
487 1696 655 1750 aegre
689 1677 984 1744 ferebant,
1033 1686 1100 1729 ut
1132 1677 1304 1729 semel
1340 1687 1567 1729 tantum
1609 1675 1675 1727 iis
1711 1693 1769 1728 se
1800 1691 2094 1746 exponere
2133 1676 2368 1744 vellent,

145 1794 376 1856 egoque
419 1799 590 1854 saepe
627 1782 920 1847 neminem
968 1777 1273 1846 haberem,
1352 1796 1525 1849 quem
1570 1778 1644 1830 ad
1688 1777 2088 1848 experimenta
2127 1776 2372 1835 adhibe-v

149 1903 295 1941 rem.
402 1881 735 1952 Nonnulli,
812 1898 1074 1953 quorum
1121 1897 1364 1953 operam
1412 1878 1689 1945 adhibui,
1769 1879 2047 1932 morbum
2114 1897 2170 1933 se
2232 1881 2368 1935 inde

148 1989 386 2044 duxisse
413 1985 813 2053 affirmabant,
859 2001 966 2038 nec
994 2000 1104 2054 ego
1137 1979 1354 2036 inficias
1386 1982 1465 2034 ire
1493 1980 1697 2046 velim,
1744 1979 2204 2034 vehementiores
2232 2000 2368 2053 per-

146 2090 447 2145 cussiones
487 2090 659 2143 talem
703 2089 761 2141 in
796 2104 925 2155 e03‚
973 2088 1076 2157 qui
1113 2088 1306 2141 alieno
1335 2086 1501 2140 coelo
1532 2100 1868 2155 quanquam
1910 2084 2146 2137 diverso
2179 2084 2369 2154 gradu

149 2194 409 2267 graviter
447 2189 814 2259 afficiuntur,
863 2190 986 2245 vim
1025 2195 1298 2245 exserere.
1388 2187 1496 2243 Me
1539 2187 1777 2258 quidem
1819 2181 1924 2239 hae
1966 2188 2370 2258 percussiones

149 2298 230 2351 ita
267 2295 519 2369 graviter
557 2291 917 2360 afficiebant,
986 2302 1054 2346 ut
1089 2293 1358 2347 scientiae
1403 2301 1631 2345 tanturn
1680 2290 1946 2343 studium
1996 2307 2085 2344 me
2127 2307 2367 2361 permo-

149 2416 284 2455 vere
335 2405 540 2470 posset
589 2396 664 2450 ad
704 2413 794 2449 eas
834 2395 1101 2449 iteratim·
1139 2395 1494 2449 subeundas·
1614 2391 1674 2446 Si
1727 2392 2022 2462 percussio
2060 2390 2367 2446 vehemen-

139 2501 274 2575 ‘tior
328 2510 444 2567 est,
515 2497 787 2553 homines
831 2499 910 2551 ita
960 2507 1448 2563 consternuntur,
1520 2507 1616 2562 ut,
1683 2495 1826 2564 quid
1872 2494 2184 2560 senserint,
2244 2512 2366 2568 non

142 2580 353 2657 sciant.
438 2599 518 2655 Et
554 2588 690 2656 raro
740 2601 862 2654 duo
908 2599 1294 2654 inveniuntur
1336 2597 1634 2664 homineS,
1694 2597 1826 2667 qui,
1886 2597 2197 2666 quomodo
2242 2615 2370 2650 sen-

153 2723 249 2760 sus
284 2705 353 2758 iis
388 2700 626 2759 affectus
657 2703 760 2770 sit,
807 2702 1030 2774 pariter
1075 2702 1301 2768 dicant,
1356 2702 1522 2771 quod
1582 2700 1819 2770 quidem
1860 2718 1891 2753 a
1928 2700 2155 2753 diversa
2192 2698 2365 2751 etiam

153 2806 466 2866 hominum
494 2817 705 2861 natura
741 2818 796 2860 et
824 2805 1261 2878 compositione
1295 2805 1438 2858 oriri
1465 2820 1666 2875 posse,
1712 2820 1831 2856 non
1865 2817 2091 2873 pugno,

318 2907 410 2962 Ex
438 2908 634 2962 multis
660 2909 813 2962 enim
851 2908 990 2962 meis
1017 2906 1426 2980 experimentis
1456 2904 1742 2990 cognovi,
1794 2907 1943 2959 alios
1977 2905 2102 2957 aliis
2132 2905 2372 2974 gravius

150 3011 259 3067 hac
289 3010 657 3065 electricitate
696 3005 857 3065 affici.
954 3009 1041 3064 Ut
1076 3009 1497 3064 adolescentuli
1541 3007 1877 3078 quindecim
1908 3006 2024 3061 fere
2055 3024 2370 3077 annorum,

738 3113 747 3122 ι
803 3113 812 3123 ι
869 3113 879 3123 0
933 3112 943 3123 ο
