2512 3708
1033 222 1119 311 ἰε-’-
1222 258 1261 311 6
1349 256 1465 301 ’--<

130 416 271 461 sunt
297 414 491 461 autem
516 407 579 460 in
617 392 924 477 superiore
962 406 1198 460 maxilla
1226 407 1437 475 viginti
1469 418 1758 479 quatuor,
1802 410 1861 463 in
1901 410 2174 468 inferiore
2199 417 2352 471 duo-

133 511 350 576 decim,
409 511 557 562 etin
606 510 849 578 singulis
898 510 1101 579 capitis
1135 511 1411 563 lateribus
1454 515 1719 583 quinque
1754 512 2064 568 foramina.
2154 517 2355 589 Caput

126 627 260 666 vcum
310 613 545 664 maxilla
586 613 892 682 superiore
952 624 1216 682 quatuor
1259 616 1484 667 circiter
1530 625 1584 667 et
1639 616 1951 667 dimidium
2008 616 2223 686 digitos
2268 629 2354 673 est

127 713 409 784 longum,
457 711 706 766 inferior
743 724 937 766 autem
975 727 1086 768 tres
1124 726 1179 768 et
1205 716 1543 770 dimidium.
1633 712 1829 788 Prope
1856 716 2158 771 branchias
2186 721 2357 774 valde

126 815 361 885 exiguas
399 816 548 869 duae
578 826 715 869 sunt
745 816 961 886 pinnae
991 815 1345 884 thoracicae,
1398 835 1584 871 unum
1621 820 1871 889 digitum
1908 821 2146 890 longae,
2194 821 2353 891 pari-

126 927 332 988 terque
354 917 471 972 fere
499 919 678 984 latae,
727 935 906 988 qum,
955 920 1000 971 si
1037 920 1247 973 iratum
1287 934 1371 973 est
1410 921 1648 987 animal,
1693 919 1939 975 firmiter
1972 922 2354 994 corporilad-

123 1012 340 1094 jungit.
430 1018 496 1070 In
529 1032 723 1071 extera
765 1022 986 1071 ventris
1022 1022 1120 1072 lati
1156 1032 1322 1091 parte
1358 1036 1577 1090 corpus
1609 1035 1693 1074 est
1732 1026 2058 1075 rotundum
2101 1025 2174 1075 ad
2213 1040 2351 1076 cau-

123 1122 260 1175 dam
304 1138 521 1190 usque,
568 1137 718 1190 quae
760 1122 927 1173 cunei
970 1120 1146 1176 habet
1182 1121 1387 1176 faciem
1425 1124 1996 1193 perpendiculariter
2025 1126 2195 1177 acuti.
2281 1123 2353 1178 {n

126 1222 405 1277 inferiore
448 1235 642 1295 parte,
708 1241 742 1277 a
784 1235 989 1278 ventre
1039 1242 1223 1295 usque
1266 1227 1336 1279 ad
1376 1226 1619 1278 caudam
1655 1226 1914 1296 pertinet
1949 1226 2355 1279 membranula

125 1326 186 1380 in
229 1327 426 1379 medio
472 1344 656 1379 unum
699 1338 754 1380 et
793 1328 1108 1380 dimidium
1152 1328 1401 1398 digitum
1443 1329 1591 1394 lata,
1652 1345 1769 1398 qua
1807 1339 1872 1381 ut
1907 1329 2104 1399 pinnis
2144 1328 2352 1382 validis

125 1428 451 1502 plurimum
496 1430 709 1495 utitur,
767 1447 1063 1501 quamque
1103 1432 1373 1501 anguinis
1411 1431 1596 1484 modo
1635 1447 1694 1483 se
1735 1447 2008 1497 movem,
2054 1430 2111 1482 in
2152 1429 2352 1481 multi-

123 1532 306 1603 plices
366 1531 529 1584 sinus
584 1532 932 1586 con-trahere
990 1543 1202 1604 potest.
1338 1527 1530 1608 Cujus
1585 1521 1700 1604 ope
1758 1533 1921 1587 facile
1969 1536 2140 1588 etiam
2189 1544 2353 1590 extra

120 1650 338 1705 aquam
363 1663 445 1673 —
468 1632 718 1687 humido
752 1636 969 1687 scilicet
994 1637 1306 1686 solo—ut
1321 1637 1524 1703 anguis
1547 1653 1605 1687 se
1628 1646 1985 1689 commovet.
2072 1633 2266 1688 Color
2295 1643 2351 1688 et

121 1751 304 1808 supra
345 1746 401 1788 et
441 1736 514 1788 ad
562 1737 741 1789 latera
793 1737 983 1806 niger,
1055 1737 1295 1790 maxilla
1342 1734 1587 1789 inferior
1636 1748 1693 1790 et
1747 1737 1967 1791 ventris
2012 1733 2352 1809 superficies

124 1838 308 1893 infera
379 1837 596 1905 rubra,
658 1840 854 1892 <omnis
915 1857 1059 1893 vero
1123 1840 1346 1910 reliqua
1408 1836 1740 1910 superficies
1795 1838 1982 1894 infera
2036 1840 2349 1910 nigricans,

125 1938 371 1996 Nudata
413 1953 501 1994 est
541 1942 690 1994 cutis
731 1943 1019 2013 squamis,
1065 1942 1329 1996 abundat
1362 1943 1557 2014 poris„
1617 1941 1839 2011 ubique
1876 1942 1989 1995 nisi
2021 1959 2199 2012 supra
2237 1958 2348 2013 pet

122 2045 382 2100 medium
422 2056 682 2114 tergum,
726 2044 910 2097 rubra
941 2057 1220 2115 tanquam
1247 2046 1406 2116 pisa,
1453 2062 1552 2099 seu
1588 2039 1818 2119 majora
1853 2056 2075 2115 puncta
2099 2046 2350 2099 eminere

121 2150 313 2204 oculis
351 2150 655 2214 videntur,
713 2166 863 2220 quae
904 2165 1043 2202 vero
1089 2149 1329 2200 armatis
1372 2148 1556 2201 oculis
1596 2149 1643 2200 si
1681 2148 2010 2214 contueris,
2067 2164 2190 2200 non
2234 2146 2348 2200 nisi

124 2246 379 2326 majores
426 2263 483 2304 et
520 2253 839 2323 ampliores
875 2253 1009 2323 pori
1050 2251 1517 2322 conspiciuntur.
1600 2249 1824 2310 Venter
1859 2266 2052 2322 prope
2087 2268 2122 2304 a
2156 2250 2348 2322 capite

121 2355 315 2417 abest3
374 2367 430 2407 et
459 2370 562 2408 cor
597 2372 628 2406 a
671 2354 910 2407 cerebro
951 2367 1066 2407 tam
1111 2372 1320 2425 parum
1360 2366 1654 2409 remotum
1695 2365 1807 2422 est,
1869 2367 1934 2408 ut
1971 2356 2018 2407 si
2066 2355 2346 2409 naturalis

122 2457 268 2511 situs
310 2457 693 2528 incorruptus
734 2468 846 2521 est,
893 2459 939 2510 ei
976 2456 1093 2511 fere
1134 2454 1462 2531 subjectum
1501 2459 1591 2512 sit.
1677 2457 1793 2512 Ani
1833 2456 2027 2510 hiatus
2067 2469 2152 2510 est
2195 2458 2344 2512 rima

121 2577 220 2615 sex
256 2559 433 2615 lineas
461 2561 668 2630 longa,
713 2559 775 2611 in
811 2576 1019 2630 supera
1062 2561 1199 2614 colli
1239 2572 1434 2631 parte,
1481 2571 1620 2632 post
1649 2561 1835 2631 ipsam
1874 2561 2166 2614 maxillam
2198 2542 2348 2613 infe·

125 2662 363 2717 riorem.
450 2661 803 2717 lntestinum
843 2664 996 2714 duos
1035 2662 1154 2715 fere
1197 2665 1368 2735 pedes
1407 2665 1651 2734 longum
1682 2676 1792 2730 est,
1838 2664 1929 2716 bis
1970 2681 2027 2716 se
2054 2660 2347 2716 convertit

122 2767 200 2818 ad
237 2777 466 2820 exteros
504 2768 724 2820 ventris
763 2764 1038 2837 parieteS,
1086 2767 1438 2836 quibuscum
1466 2768 1795 2840 ligamentis
1828 2760 2212 2841 conjunctum
2241 2773 2344 2819 est.

123 2862 253 2922 Sub
296 2869 428 2938 ipso
467 2885 581 2922 ano
623 2870 766 2922 alter
802 2879 887 2922 est
927 2871 1220 2923 rotundus
1265 2869 1487 2936 hiatu3‚
1562 2889 1669 2926 ora
1713 2872 1896 2944 paulo
1935 2869 2189 2937 tumida,
2243 2885 2342 2939 ge·

123 2969 428 3023 uitalibus.
514 2969 735 3025 Uterus
776 2983 888 3026 tres
928 2984 1261 3040 quatuorve
1296 2975 1511 3045 digitos
1557 2977 1772 3045 longus
1802 2985 1912 3039 est,
1960 2972 2057 3042 qui
2095 2972 2151 3024 in
2191 2971 2344 3024 duos

122 3071 277 3129 latos
317 3075 541 3129 canales
575 3075 897 3147 dividitur,
940 3079 1043 3150 qui
1086 3079 1163 3134 ad
1199 3079 1433 3150 ovaria,
1482 3079 1612 3133 ovis
1644 3078 1895 3151 repleta,
1943 3074 2184 3129 ducunt„
2275 3069 2347 3125 In

513 3196 521 3218 Ι
