2512 3708
497 424 1117 488 DOCTJSSJMO
1170 424 1579 489 DOMINO
1639 428 2088 496 AUCTORI

849 550 898 604 P
984 543 1039 603 R
1127 547 1183 604 A
1264 551 1314 606 Ε
1397 551 1440 609 S
1524 551 1574 606 E
1657 552 1721 612 S.

307 697 518 765 Egi-egio
548 695 658 746 Tuo
695 692 976 758 specimini,
1037 694 1169 757 quod
1217 711 1317 745 non
1366 704 1603 746 mutatum
1641 702 1863 764 redd-idi,
1910 703 1978 753 nil
2009 705 2142 768 quod
2165 706 2390 768 adjiciam

174 806 361 869 haben,
403 806 493 856 nisi
542 814 712 869 putare
752 818 855 864 me,
905 801 985 864 qui
1018 800 1090 851 Te
1131 800 1366 866 hortatus}
1393 802 1481 853 sim
1519 804 1578 852 ad
1611 805 1708 854 Tui
1738 808 1884 869 patris
1923 808 2175 860 observata
2208 826 2390 860 memo·

174 924 280 963 ratu
317 911 595 976 dignissima
632 910 821 960 edenda
873 920 1018 973 atque
1067 908 1267 959 aliorum
1313 907 1575 959 observatis
1613 908 1924 969 illustranda,
1979 911 2041 959 de
2071 911 2273 961 scientia
2308 928 2391 962 na.

172 1018 312 1068 turali
366 1034 468 1067 non
534 1032 700 1081 parum
762 1030 869 1064 esse
916 1015 1153 1066 meritum.
1251 1016 1387 1066 Plura
1440 1016 1582 1066 verba
1630 1016 1788 1066 facere
1846 1032 2032 1080 possem
2079 1018 2140 1066 de
2191 1018 2388 1081 ingenio

171 1124 311 1185 Tu0‚
353 1125 414 1174 de
445 1124 726 1187 diligentia,
766 1124 826 1172 de
856 1138 1041 1172 morum
1072 1124 1309 1172 suavitate
1347 1133 1395 1173 et
1430 1123 1668 1184 candore,
1705 1134 1848 1187 atque
1878 1125 2021 1173 etiam
2062 1125 2221 1175 facere
2255 1125 2392 1178 haud

171 1231 473 1290 omitterem,
510 1230 601 1279 nisi
628 1228 749 1279 haec
777 1228 1025 1290 omnibuS,
1060 1230 1142 1292 q-ui
1167 1228 1239 1279 Te
1260 1239 1466 1291 norunt,
1500 1230 1611 1280 satis
1641 1241 1799 1281 essent
1829 1232 2048 1296 cognita,
2086 1244 2135 1282 et
2161 1234 2285 1296 ipse,
2326 1248 2389 1283 ne

168 1337 324 1388 Tuam
367 1337 653 1387 modestiam
688 1336 1019 1397 offenderem,
1062 1351 1264 1386 vererer.
1334 1337 1491 1400 Igitur
1539 1353 1624 1387 oro
1667 1338 2007 1388 tantummodo
2050 1350 2192 1402 atque
2238 1356 2389 1404 rogo,

172 1451 227 1491 ut
261 1457 362 1492 sors
392 1441 551 1491 futura
584 1440 694 1491 Tibi
723 1441 785 1491 sit
815 1443 1058 1505 secunda,
1098 1458 1270 1506 meque
1296 1442 1421 1494 inter
1447 1443 1626 1493 amicos
1656 1442 1828 1494 habere
1857 1460 2040 1508 pergas.
2111 1443 2255 1495 Vale!

185 1616 189 1621 ἱ
333 1546 592 1615 Tubingae
1250 1530 1253 1533 ¹

239 1651 409 1703 Mense
444 1651 559 1703 Julii
600 1659 740 1713 1819.
819 1649 823 1653 ”

1375 1765 1485 1821 Dr.
1531 1765 1599 1823 F.
1639 1766 1713 1824 A.
1761 1763 1841 1825 G,
1885 1765 2229 1827 Erum-em
