2512 3708
1096 309 1514 369 *33*

368 441 474 518 13)
516 439 745 497 EffusiO
789 441 958 498 fluidi
1007 461 1039 500 a
1088 446 1395 500 voluntate
1442 448 1619 518 piscis
1660 451 1975 522 dependet,
2023 464 2077 507 et
2113 458 2410 527 antiquio·

198 559 287 597 res
329 554 385 597 et
420 547 763 598 recentiores
800 534 1238 602 observationes
1276 550 1347 603 de
1375 545 1502 624 raja
1535 560 1593 604 et
1614 564 1900 622 gymnoto
1936 555 2198 610 electrico
2232 559 2410 615 factae

191 645 423 699 nullum
450 646 566 701 fere
593 649 938 717 relinquunt
963 650 1231 703 dubium.

367 744 470 824 19)
519 746 856 817 Gymnotus
899 742 957 804 vi
1009 769 1113 805 sua
1148 752 1409 806 electrica
1455 753 1528 805 ad
1570 767 1823 823 corpora
1862 756 2282 829 aliquantisper
2320 778 2406 813 re-

190 858 362 902 mota
396 849 637 901 influere
667 860 881 920 potest.

353 949 525 1029 Quae
576 945 930 1008 [Wllictmson
974 963 1028 1005 et
1072 946 1428 1023 Falzlenbeffg
1457 953 1526 1005 de
1569 970 1632 1006 ea
1672 970 1732 1008 re
1774 954 2193 1023 observarunt,
2243 959 2403 1027 patri

156 1067 321 1106 'meo
357 1052 597 1105 minime
627 1064 972 1124 repugnant.
1059 1053 1324 1123 Uterque
1363 1055 1669 1121 viderunt,
1718 1067 2066 1125 gymnotum
2118 1075 2257 1126 quas
2302 1059 2401 1112 be-

188 1153 325 1206 stias
362 1154 646 1208 devorare
671 1155 874 1220 vellet,
921 1155 1144 1206 eminus
1187 1152 1524 1209 interficere.
1630 1152 1966 1210 Rectissime
2006 1154 2402 1212 Hnmbolcltius

169 1255 358 1340 gdicit,
402 1273 533 1325 pag.
572 1271 699 1323 115.
740 1256 785 1306 si
819 1255 1058 1309 eandem
1100 1256 1253 1323 vim,
1302 1267 1368 1309 ut
1404 1259 1575 1311 etiam
1615 1251 1797 1330 Pajon
1837 1275 2067 1313 cernere
2113 1274 2233 1311 non
2286 1263 2399 1329 p'o-

176 1357 418 1423 tuisset,
466 1372 697 1408 causam
735 1354 885 1409 hanc
914 1373 1030 1409 esse
1056 1357 1164 1409 sibi
1194 1358 1408 1424 videri,
1459 1360 1626 1428 quod
1665 1360 1963 1429 gymnoti,
2011 1359 2224 1430 quibus
2272 1373 2397 1412 ute·

181 1455 431 1525 bantur,
478 1457 672 1510 minus
710 1459 923 1529 cupide
964 1458 1159 1511 cibum
1196 1470 1558 1530 appeterent.
1653 1458 1794 1517 Sine
1822 1459 2006 1513 dubio
2042 1461 2396 1531 captivitatis

171 1559 354 1612 etiam
408 1559 766 1613 diuturnitas
819 1577 1088 1630 magnam
1145 1560 1318 1614 faciat
1379 1572 1619 1633 oportet
1667 1563 1991 1617 voluntatis
2045 1573 2100 1616 et
2156 1547 2396 1615 naturae

180 1656 723 1716 commutationem.
786 1685 795 1700 -·

343 1762 620 1817 Ceterum
662 1774 872 1818 notatu
923 1764 1168 1835 dignum
1219 1775 1332 1832 est,
1401 1758 1588 1838 rajam
1640 1764 2036 1835 torpedinem,
2107 1748 2230 1836 non
2279 1765 2392 1819 nisi

155 1863 394 1918 “directe
432 1875 679 1933 tactum,
724 1867 1129 1937 percussiones
1168 1868 1352 1920 edere.

343 1961 455 2041 20)
504 1962 793 2034 Gymnoti
820 1985 1006 2038 parva
1036 1986 1290 2040 corpora
1316 1979 1372 2022 et
1403 1967 1690 2022 attrahere
1722 1976 1778 2022 et
1812 1963 2088 2037 repellere
2119 1977 2388 2038 possunt.

174 2063 476 2123 Probatur
505 2069 564 2120 id
589 2084 711 2121 non
743 2071 935 2122 solum
965 2071 1060 2137 iis,
1129 2087 1275 2140 quae
1307 2069 1364 2143 §.
1396 2070 1471 2127 V.
1509 2072 1687 2123 relata
1729 2079 1895 2137 sunt,
1942 2071 2042 2123 sed
2084 2071 2257 2123 etiam
2300 2069 2387 2123 fa-

168 2170 390 2224 ‘cultate
426 2171 610 2223 modo
653 2171 835 2239 dicta,
901 2173 960 2224 in
1002 2183 1225 2226 remota
1274 2189 1528 2243 corpora
1571 2173 1807 2242 agendi:
1877 2173 2200 2225 dolendum
2244 2188 2383 2226 vero

168 2281 284 2339 est,
353 2272 505 2326 inter
552 2273 783 2340 omnia,
849 2290 996 2343 quae
1044 2276 1283 2345 quidem
1334 2272 1477 2326 mihi
1533 2284 1831 2341 constant,
1891 2274 1962 2326 de
2000 2281 2287 2342 gymnoto
2330 2282 2385 2327 et

172 2367 300 2446 raja
339 2372 646 2428 observata
692 2374 842 2428 nihil
884 2393 1031 2444 esse,
1099 2377 1264 2446 quod
1309 2375 1630 2447 positivam
1679 2386 1734 2429 et
1774 2376 2103 2446 negativam
2143 2375 2381 2427 illorum

167 2474 417 2545 piscium
454 2475 574 2530 vim
609 2478 897 2531 ostendat.

337 2576 499 2631 Haec
541 2580 809 2648 gymnoti
851 2580 939 2634 vis
981 2588 1039 2632 et
1079 2593 1226 2647 quae
1264 2577 1334 2630 de
1374 2576 1747 2631 electricitate
1785 2571 1910 2651 ejus
1945 2578 2191 2630 omnino
2229 2577 2380 2631 dicta

168 2690 341 2747 sunt,
410 2680 667 2733 multum
707 2681 904 2734 valent
942 2680 1016 2732 ad
1064 2680 1441 2750 opinionem,
1507 2696 1631 2732 eam
1671 2679 1819 2732 sicut
1860 2678 2113 2732 fluidum
2158 2680 2375 2733 electri-

175 2797 306 2834 cum
353 2782 474 2834 vim
522 2782 580 2834 in
626 2782 1092 2835 electrometrum
1140 2798 1423 2847 exserere,
1482 2797 1730 2851 eumque
1777 2798 2014 2834 movere
2066 2798 2269 2852 posse,
2326 2782 2375 2834 si

156 2884 602 2938 accommodata
648 2893 734 2937 est
780 2877 905 2957 ejus
953 2900 1160 2954 rerum³
1198 2883 1689 2954 circumdantium
1736 2883 2123 2953 compositi03
2187 2899 2374 2951 quan-

169 3003 346 3057 quam
388 2980 813 3053 Humboldtius,
872 3001 1040 3055 saepe
1084 3001 1142 3037 re
1181 2994 1427 3049 tentata,
1489 2985 1718 3036 nullum
1757 2985 1953 3055 agitati
1984 2984 2372 3038 electrometri

166 3088 472 3159 vestigium
505 3090 765 3160 detegere
802 3097 1018 3158 posset.
1102 3079 1227 3140 “Sed
1269 3085 1577 3141 verisimile
1619 3096 1729 3153 est,
1787 3087 1834 3140 si
1871 3088 2271 3141 electrometer
2312 3086 2370 3138 in
