2512 3708
1062 322 1472 365 ...22-

135 456 447 524 scintillae,
492 470 642 529 quae
684 455 872 510 multo
904 466 1071 513 erant
1103 452 1387 534 majores,
1437 475 1613 531 quam
1643 473 1788 531 quas
1815 450 1947 514 ante
1973 457 2129 515 dicta
2171 444 2349 517 rarlo-

136 576 209 614 ne
242 561 566 613 elicueram.

296 659 728 731 Experim-entis
757 659 850 713 his
883 663 1114 734 saepius
1142 661 1391 727 iteratis,
1439 659 1657 730 quibus
1690 659 1857 714 urbis
1889 660 2112 718 incolae
2148 674 2204 717 et
2236 666 2347 718 mi-

135 762 260 816 lites
294 763 644 830 intererant,
689 779 813 816 non
845 779 1012 831 ram,
1055 765 1105 818 ’si
1136 773 1456 835 gymnotus
1479 761 1705 815 viribus
1731 761 2026 833 pollebat,
2073 765 2352 820 conclave
2421 829 2427 835 Δ

132 875 327 919 totum
367 865 567 936 parvis
607 875 885 934 tanquam
921 864 1270 919 fulminibus
1312 865 1666 920 illustratum
1710 873 1824 927 est;
1870 864 2166 918 interdum
2200 867 2353 920 scin-

130 944 285 1019 tillae
338 966 637 1019 stellarum
681 967 866 1019 instar
915 968 1177 1036 quinque
1214 967 1309 1019 vel
1355 983 1454 1019 sex
1505 967 1722 1036 digitos
1760 967 2077 1034 emicuere,
2119 981 2338 1020 sonum

127 1067 359 1120 edentes
394 1067 595 1134 talem,
641 1065 829 1135 qualis
865 1066 1139 1133 auditur,
1184 1065 1230 1119 si
1257 1076 1444 1121 noctu
1479 1065 1720 1134 chalybs
1754 1082 1997 1135 magnus
2029 1076 2085 1119 et
2117 1067 2341 1138 pyrites

127 1167 392 1220 illiditur.
429 1197 513 1208 —-
554 1164 652 1221 Ad
692 1167 832 1221 haec
864 1169 1290 1238 experimenta,
1338 1183 1487 1236 quae
1522 1184 1630 1238 per
1659 1167 1856 1238 plures
1893 1183 2162 1239 vesperes
2197 1184 2343 1221 con-

126 1267 531 1336 tinuabamus‚
577 1260 818 1339 singulis
871 1268 1078 1322 diebus
1131 1268 1404 1341 pluribus
1433 1268 1760 1336 utebamur,
1804 1268 2129 1338 gymnotiS,
2171 1267 2340 1337 quod

122 1369 365 1424 simulac
404 1386 556 1440 aqua
612 1381 750 1424 sunt
799 1371 1071 1438 extracti,
1130 1386 1252 1424 non
1291 1369 1513 1423 diutius
1561 1386 1660 1425 sex
1698 1370 1792 1424 vel
1828 1378 2050 1440 septem
2098 1369 2340 1423 minutis

123 1472 181 1526 in
224 1470 384 1525 hunc
419 1489 592 1526 usum
625 1470 889 1525 adhiberi
922 1482 1197 1543 possunt.

282 1568 355 1648 4)
400 1570 634 1626 Notatu
689 1572 865 1643 digna
908 1583 1048 1625 sunt
1094 1590 1191 1640 ea,
1267 1589 1417 1645 quae
1467 1571 1631 1644 apud
1678 1571 1969 1642 ingentem
2022 1571 2333 1628 observavi

119 1684 502 1744 gymnotum,
571 1690 745 1743 quem
785 1674 1229 1744 quatuordecim
1274 1691 1381 1745 per
1420 1673 1540 1727 dies
1581 1673 1873 1744 quiescere
1919 1687 2124 1743 passus
2167 1691 2334 1742 sum,

116 1786 199 1842 et,
245 1793 317 1829 ne
358 1791 426 1829 ex
475 1793 627 1846 aqua
667 1785 953 1829 extractus
1004 1771 1428 1841 infirmaretur,
1498 1790 1632 1828 cum
1684 1791 1754 1829 ea
1807 1773 1866 1828 in
1911 1785 2030 1830 rete
2070 1767 2327 1850 conjeci;

116 1893 248 1930 cum
293 1894 413 1947 quo
450 1877 626 1930 simul
656 1895 884 1931 mensae
912 1878 1206 1931 solitariae
1235 1875 1415 1931 factae
1451 1877 1764 1948 impositus
1796 1888 1900 1934 est.

279 1978 434 2033 Cum
467 1955 800 2033 conductor
834 1973 960 2054 ejus
990 1980 1080 2032 ori
1122 1978 1735 2051 appropinquaretur,
1783 1979 1979 2034 exibat
2016 1979 2325 2034 radiorum

114 2081 454 2150 fasciculus,
502 2099 674 2152 quem
713 2082 1118 2148 cernebarmm,
1170 2096 1508 2153 quanquam
1548 2081 1854 2149 conclave,
1923 2081 1983 2136 in
2008 2057 2142 2156 'quo
2181 2088 2327 2147 erat,

112 2185 310 2238 multis
342 2185 660 2237 luminibus
702 2194 822 2238 erat
864 2184 1247 2258 illustratum:
1294 2183 1340 2235 si
1388 2183 1720 2238 conductor
1746 2201 1787 2238 a
1831 2185 2019 2256 capite
2057 2198 2325 2237 remove·-

112 2286 321 2352 batur‚
369 2287 507 2340 tales
538 2287 841 2338 radiorum
874 2285 1185 2340 fasciculos
1214 2285 1389 2340 etiam
1412 2302 1605 2340 secum
1627 2285 1903 2353 ducebat,
1947 2284 2048 2356 qui
2069 2284 2159 2338 vel
2185 2284 2322 2355 plu-

112 2407 200 2443 res
240 2404 345 2457 per
378 2388 656 2440 secundas
703 2388 750 2440 ei
790 2388 1199 2443 adhaerebant.
1295 2383 1361 2445 Si
1400 2387 1624 2442 vdiutius
1675 2387 2140 2441 conductoribus
2192 2394 2321 2439 tan.»

110 2491 380 2560 gebatur,
427 2499 482 2543 et
520 2486 619 2543 fila
665 2489 774 2542 sibi
820 2489 1491 2563 appropinquabantur‚
1531 2490 1817 2545 scintillae
1854 2505 1923 2544 ex
1962 2487 2074 2542 inis
2112 2487 2319 2546 emica-

110 2591 285 2660 bant,
331 2608 479 2661 quae
508 2592 682 2647 etiam
717 2592 885 2645 clavo
921 2593 1012 2647 vel
1047 2593 1195 2648 clavi
1231 2592 1357 2647 elici
1384 2601 1680 2664 poterant.

1090 2765 1152 2846 §.
1247 2791 1267 2828 1
1283 2790 1336 2846 5.

270 2895 697 2961 PercussioneS‚
722 2914 867 2967 quas
895 2896 1068 2967 piscis
1085 2895 1181 2949 hic
1196 2897 1440 2964 emittit,
1488 2912 1593 2969 per
1617 2896 1948 2969 complures
1969 2906 2307 2967 propagan-

106 3009 201 3057 tur
231 2996 529 3063 hominem,
576 3000 675 3068 qui
712 2997 877 3053 firme
920 3014 1125 3051 manus
1157 2993 1552 3073 conjungunt.

265 3097 337 3154 In
371 3101 667 3167 conclavi,
733 3096 900 3173 cujus
949 3101 1144 3153 solum
1190 3099 1486 3171 lapidibus
1537 3082 1817 3169 stratum,
1886 3110 1943 3155 et
1986 3090 2302 3153 humidum
