2512 3708
1060 315 1472 375 ..34-

158 456 553 528 experimento
583 458 626 520 §.
657 449 844 508 XVII
884 450 1060 505 rimae
1092 467 1129 504 n
1171 453 1445 506 admotus
1480 450 1706 521 fuisset,
1750 452 1992 507 laminas
2038 448 2162 529 eju-s
2211 472 2366 527 quo·

155 562 311 614 niam
350 557 464 610 hoc
507 557 640 609 loco
688 570 897 624 magna
938 551 1110 606 fluidi
1157 553 1243 607 vis
1282 564 1432 622 erat,
1478 555 1798 610 divertisse.

322 677 351 712 2
373 654 432 734 ι)
482 657 704 727 Magna
732 655 947 708 metalli
978 656 1246 726 pondera
1282 656 1497 727 piscem
1534 659 1774 712 moleste
1802 655 2080 737 afficiunt.

318 760 453 814 Hoc
505 759 679 813 etiam
720 759 988 828 gymnoti
1031 750 1349 831 proprium
1398 777 1430 813 a·
1464 771 1630 832 patre
1671 778 1800 815 meo
1840 761 2099 832 primum
2146 771 2232 816 est
2265 761 2366 816 de-

157 872 404 928 tectum,
431 858 550 915 'sed
580 859 987 931 experimentis
1023 871 1242 913 certum
1282 872 1337 914 et
1378 862 1776 916 indubitatum
1814 874 1954 927 stat3
1999 879 2170 917 causa
2202 865 2370 918 vide-

157 975 253 1017 tur
294 964 348 1015 in
391 963 563 1034 piscis
600 962 659 1014 vi
706 961 968 1012 electrica
1013 963 1294 1031 ponenda
1342 979 1488 1027 esse3
1553 982 1760 1035 magna
1799 966 1953 1019 enim
2003 965 2232 1018 metalla
2278 964 2376 1036 pi-

155 1083 302 1118 scem
349 1064 603 1117 invitum
651 1059 935 1115 attrahere
975 1062 1283 1126 videntur,
1350 1065 1513 1133 quod
1551 1067 1716 1136 quasi
1760 1068 1820 1121 vi
1859 1077 2094 1120 coactus
2129 1082 2259 1120 cum
2294 1065 2368 1120 ad

159 1176 377 1219 certum
438 1165 680 1235 gradum
737 1163 1303 1235 appropinquavit„
1356 1166 1416 1220 in
1458 1170 1880 1223 conductorem
1920 1168 2132 1236 fertur,
2198 1169 2368 1223 etin

157 1267 555 1337 experimento
597 1262 653 1337 ᾗ.
687 1263 850 1320 VIII.
895 1282 1027 1319 nro.
1068 1282 1120 1337 3.
1164 1268 1434 1336 mallem,
1492 1270 1593 1341 qui
1628 1289 1658 1325 a
1698 1272 1852 1343 pisce
1892 1272 1951 1324 in<
1992 1270 2236 1341 aquario
2276 1284 2368 1325 re.-

155 1380 356 1423 motus
386 1379 536 1434 erat,
582 1366 955 1422 vehementer
983 1369 1365 1437 percutiebat.
1427 1389 1429 1391 ¹

320 1463 430 1545 22)
476 1467 566 1521 Ex
613 1467 889 1521 omnibu-s
930 1465 1019 1519 his
1061 1469 1433 1541 intelligitur,
1479 1470 1593 1526 hoc
1636 1474 1887 1527 fluidum
1930 1467 2176 1547 eju-sque
2216 1468 2363 1526 effu:-

156 1571 380 1624 sionem
418 1580 543 1621 tum
569 1571 714 1636 leges
747 1568 916 1622 fluidi
956 1571 1201 1623 electrici
1237 1581 1360 1624 tum
1397 1575 1799 1629 musculorum
1839 1585 1895 1628 et
1928 1589 2251 1627 nervorum
2278 1589 2363 1626 se-

157 1671 290 1741 qui,
336 1687 524 1740 neque
561 1687 592 1723 a
630 1686 772 1723 vero
812 1669 1121 1739 abhorret,
1170 1673 1596 1746 organisatum‚
1655 1677 1690 1734 i.
1716 1693 1763 1732 e.
1791 1676 1954 1732 vitali
1983 1676 2040 1732 vi
2075 1685 2357 1747 temperat-

157 1783 282 1827 tum
317 1772 645 1828 electricum
683 1770 936 1826 fluidum
964 1788 1101 1829 esse.
