2512 3708
341 472 696 546 Complures
730 482 899 547 saepe
931 474 1333 536 hebdomades
1365 477 1424 531 in
1458 477 1702 549 aquario
1737 485 2173 552 commoratur,
2217 491 2410 560 nequo

177 577 301 630 vim
332 595 495 631 suam
538 578 890 644 electricam,
939 595 1282 650 quanquam
1321 581 1518 651 vigere
1557 591 1613 634 et
1651 582 1842 637 valere
1885 600 2019 638 eum
2060 587 2197 642 satis
2231 589 2404 646 lucu-

177 677 363 731 lenter
403 695 624 745 cernas,
674 679 798 731 ullo
840 680 1022 732 modo
1067 681 1305 735 exserit:
1356 683 1656 738 interdum
1700 693 1894 741 tamen
1935 687 2176 744 excitari
2212 702 2413 764 potest

174 793 248 832 ex
277 778 382 834 hac
410 781 684 852 segnitia,
729 781 950 853 magnis
980 781 1261 840 adhibitis
1290 784 1561 842 stimulis,
2132 766 2134 768 η

1172 958 1235 1041 §-
1331 984 1420 1024 10.

343 1085 628 1142 Electrica
670 1089 858 1141 nostri
898 1090 1073 1159 piscis
1107 1085 1194 1143 vis
1235 1088 1436 1143 referri
1478 1091 1719 1145 videtur
1754 1091 1829 1146 ad
1869 1087 1999 1167 ejus
2047 1098 2413 1168 magnitudi-

176 1207 341 1256 nem,
412 1190 680 1244 fortassis
721 1189 892 1242 etiam
936 1190 1010 1242 ad
1052 1184 1178 1264 ejus
1221 1202 1484 1247 aetatem.
1607 1189 1955 1248 Infirmatur
2003 1197 2202 1252 multis
2240 1200 2412 1256 editis

178 1292 686 1364 percussionibuS,
734 1308 850 1361 qua
882 1291 953 1343 de
994 1305 1198 1356 causa,
1254 1301 1322 1342 ut
1360 1290 1590 1348 viribus
1625 1296 1954 1367 pollentem
1993 1309 2157 1354 extra
2197 1317 2413 1372 aquam

175 1391 500 1463 experirer,
556 1408 785 1463 semper
819 1408 954 1445 eum
997 1407 1131 1445 cum
1178 1410 1332 1464 aqua
1378 1395 1562 1463 vasis,
1647 1396 1708 1451 in
1750 1415 1875 1469 quo
1924 1412 2076 1468 erat,
2133 1403 2312 1455 simul
2349 1404 2412 1458 in

174 1508 292 1553 tete
328 1492 541 1562 effudi,
587 1505 833 1564 tumque
874 1510 1134 1561 mensae,
1193 1511 1371 1565 quam
1413 1497 1736 1553 solitariam
1764 1498 1977 1555 factam
2008 1513 2252 1571 vocant,
2300 1504 2410 1557 im-

174 1600 371 1675 posui.
458 1598 726 1670 Augetur
760 1590 887 1672 ejus
931 1596 1051 1664 vis,
1096 1597 1140 1650 si
1184 1598 1287 1652 diu
1326 1599 1599 1670 quiescit,
1645 1589 1702 1656 et
1742 1603 1995 1659 subinde
2037 1607 2272 1664 metalla
2302 1607 2413 1664 ad-

174 1714 510 1761 moventur.

1173 1879 1226 1957 ς.
1325 1901 1413 1940 ιι.

338 2005 866 2065 Vehementissima
899 2015 984 2060 est
1019 2006 1284 2061 electrica
1321 2008 1440 2076 vis,
1501 2009 1547 2062 si
1583 2010 1756 2082 piscis
1797 2022 1961 2068 extra
1993 2030 2205 2086 aquam
2241 2035 2413 2074 men..

172 2129 267 2168 sae
305 2113 554 2184 ligneae,
605 2111 831 2175 aridae,
878 2110 1204 2165 vitreovel
1246 2112 1438 2165 resina
1478 2112 1777 2167 solitariae
1819 2114 2001 2171 factae
2041 2119 2402 2190 imponitur:

174 2231 351 2287 quam
402 2226 622 2279 tamen,
684 2212 728 2264 si
767 2213 1056 2266 continuo
1101 2229 1275 2283 posse
1324 2213 1514 2284 ignem
1554 2214 1888 2271 electricum
1929 2219 2055 2273 elici
2099 2222 2217 2290 vis,
2266 2241 2400 2277 cum

172 2318 303 2370 solo
360 2315 810 2385 quodammodo
865 2309 1151 2389 conjungi
1209 2327 1470 2389 oportet.
1609 2314 1773 2372 Tum
1815 2335 1885 2374 ve
1926 2299 2195 2391 gymnoti
2236 2324 2400 2394 ignis,

173 2413 288 2471 nisi
332 2417 581 2469 nimium
619 2419 771 2470 vires
815 2417 1226 2486 debilitentur,
1285 2418 1594 2491 nunquam
1639 2420 1999 2478 exhauritur.
2107 2424 2403 2484 Facillime

174 2531 368 2574 autem
417 2530 732 2590 gymnotus
776 2520 901 2574 vim
945 2540 1110 2575 suam
1147 2535 1398 2590 exercet,
1465 2524 1512 2577 si
1565 2510 1811 2597 aquario
1857 2527 1937 2579 ita
1971 2528 2215 2598 impleto
2266 2548 2401 2584 eum

178 2622 565 2696 imposueris,
633 2634 700 2676 ut
734 2624 980 2677 dorsum
1036 2625 1112 2678 sit
1160 2628 1324 2695 aqua
1364 2625 1663 2681 intectum.
1753 2627 2062 2707 Quoniam
2101 2647 2246 2685 vero
2285 2632 2400 2687 isto

176 2727 362 2781 modo
408 2727 492 2780 vis
523 2727 783 2780 electrica
811 2743 995 2796 aquae
1026 2726 1393 2795 infunditur,
1461 2730 1753 2800 minuitur
1786 2733 2185 2801 percussionis
2223 2732 2400 2788 vehe-

175 2832 415 2885 mentia:
457 2847 634 2901 quam
672 2838 865 2883 tamen
903 2838 960 2882 et
1001 2846 1208 2900 augere
1256 2840 1312 2883 et
1349 2827 1644 2886 infirmare
1686 2832 1840 2901 licet,
1896 2845 2084 2905 prout
2119 2836 2255 2907 plus
2290 2836 2401 2888 mi-

175 2952 359 2988 nusve
401 2950 583 3003 aquae
625 2933 679 2985 in
713 2949 846 2987 vase
887 2933 1283 3004 relinquatur3
1319 2946 1594 3007 ,augetur
1631 2935 1837 3004 etiam,
1894 2937 1941 2990 si
1982 2937 2218 3009 ligneiS,
2274 2954 2399 2994 non

172 3034 372 3089 ferreis
404 3036 636 3090 circulis
670 3054 770 3090 vas
804 3047 888 3090 est
914 3037 1358 3092 circumdatum.
