2512 3708
1037 284 1449 340 ..31-

294 420 386 490 12)
429 414 885 474 percussionum
928 416 1043 482 vis,
1091 433 1235 486 quas
1269 414 1328 468 hi
1367 415 1550 486 pisces
1584 416 1798 482 edunt,-
1840 423 1907 467 ut
1930 415 2336 468 musculorum

121 532 316 578 motus
356 520 605 574 refertur
632 519 704 572 ad
732 518 902 588 piscis
936 517 1399 587 magnitudinem
1429 517 1642 584 robur,
1687 517 2083 572 valetudinem
2116 528 2170 569 et
2203 504 2334 582 alia,

123 636 179 679 et
212 625 287 678 ad
325 639 495 677 usum
530 619 731 687 fiuidi,
780 619 1002 690 quippe
1039 619 1206 689 quod
1257 629 1382 671 tum
1417 614 1745 687 exhauriri,
1811 630 1936 672 tum
1980 618 2338 672 accumulari

126 723 342 797 potest.

291 823 514 879 Omnes
545 820 664 877 fere
693 819 966 893 physici,
1003 804 1221 892 quibus
1264 831 1620 891 gymnotum
1659 822 1987 874 electricum
2042 814 2348 893 rajamque·

127 927 438 981 observare
480 924 649 995 copia
686 922 836 977 facta
881 933 992 989 est,
1049 923 1341 995 imprimis
1395 923 1861 989 Humboldtius,
1930 920 2344 992 experimentis

127 1029 468 1099 cognitione
496 1026 684 1096 dignis
713 1025 771 1078 id
807 1036 1085 1095 arguunt.-

300 1124 402 1204 13)
450 1126 699 1181 Brevius
772 1122 1024 1177 effundit
1088 1126 1259 1195 piscis
1322 1135 1486 1178 extra
1556 1141 1769 1193 aquam
1838 1123 2095 1176 fluidum
2167 1126 2352 1190 illud,

130 1236 177 1287 si
222 1235 395 1304 plane
442 1229 742 1284 solitarius
781 1224 968 1278 factus
1011 1236 1125 1292 est,
1188 1242 1365 1296 quam
1413 1229 1456 1278 si
1500 1243 1620 1279 non
1673 1228 1863 1297 plane.
1952 1227 2152 1296 Digna
2208 1237 2354 1279 esset

128 1333 268 1388 haec
296 1329 632 1385 observatio
674 1326 1103 1381 accuratissima
1143 1328 1556 1398 inquisitione,
1606 1331 1888 1398 quoniam
1918 1329 2232 1383 verisimile
2264 1326 2353 1393 fit,

129 1435 348 1506 piscem
387 1431 538 1487 hanc
580 1429 969 1517 electricitatis
1019 1447 1155 1484 suae
1181 1441 1409 1501 partem
1440 1447 1508 1483 ex
1542 1432 1686 1502 ipsis
1722 1431 1894 1484 rebus
1941 1431 2357 1484 circumdanti-

130 1538 242 1591 bus
281 1535 527 1591 trahere.

209 1615 222 1627 ⁸
306 1636 397 1703 14)
445 1633 535 1687 Ex
574 1632 852 1687 omnibus
881 1634 1153 1706 corporis
1195 1628 1462 1705 partibus
1492 1635 1811 1703 emittitur,
1855 1632 1950 1689 vel
1988 1652 2056 1689 ex
2095 1630 2358 1689 vulneri-

133 1737 244 1792 bus
281 1747 337 1791 et
371 1752 492 1790 ore„

297 1838 411 1891 His
458 1837 683 1908 optime
745 1837 1123 1892 consentiunt
1184 1831 1533 1891 Humboldtii
1587 1837 2058 1902 observationes;
2117 1833 2364 1910 Bajonis

135 1957 259 1996 non
299 1940 535 2010 quidem
567 1955 811 2010 prorsus
853 1950 990 1993 sunt
1031 1951 1489 2006 consentaneae,
1537 1957 1670 1994 cum
1711 1941 2048 1994 interiorem
2091 1941 2212 1994 oris
2263 1958 2362 1994 su-

138 2038 434 2115 perficiem
484 2051 754 2111 argenteo
805 2041 914 2094 filo
976 2059 1034 2095 se
1084 2052 1474 2096 contrectasse·
1529 2040 1808 2109 affirmet,
1876 2044 2039 2096 nulla
2083 2052 2358 2114 percepta

141 2145 547 2199 concussione.
636 2143 1144 2223 Quandoquidem
1178 2161 1321 2197 vero
1370 2144 1544 2214 piscis
1577 2162 1698 2198 non
1730 2146 2019 2199 continuo
2066 2145 2166 2199 sed
2206 2144 2366 2212 arbi--

141 2248 256 2300 trio
300 2247 560 2317 quodam
610 2263 700 2299 eas
739 2247 978 2314 emittit,
1045 2264 1172 2300 non
1218 2257 1507 2318 repugnat
1544 2247 1624 2300 rei
1668 2264 1850 2319 supra
1889 2248 2094 2302 dictae.
2182 2243 2361 2303 Hum-

143 2343 386 2403 boldtius
421 2349 585 2401 nulla
616 2349 687 2402 de
715 2364 860 2402 cavo
891 2349 1009 2403 oris
1046 2359 1219 2420 atque
1250 2348 1595 2413 vulneribus
1625 2351 2023 2421 experimenta
2050 2349 2201 2405 fecit.

268 2447 626 2504 Notandum
660 2449 753 2505 hic
780 2461 892 2520 est,
941 2446 1126 2526 rajam
1168 2453 1538 2524 torpedinem
1569 2463 1712 2506 tunc'
1744 2453 1932 2505 modo·
1957 2452 2360 2523 percussiones

146 2552 403 2618 mittere,
454 2568 587 2605 cum
626 2553 887 2609 electrica
925 2549 1053 2630 ejus
1095 2572 1314 2627 organa
1355 2566 1706 2626 tanguntur:
1763 2564 1832 2607 ut
1878 2553 2119 2624 quidem
2164 2552 2359 2606 Hum—

147 2652 413 2708 boldtius
453 2665 508 2708 et
549 2649 689 2722 Gay·
731 2656 953 2725 Lyssac
995 2660 1557 2713 animadverterunt.

321 2754 417 2826 15)
461 2754 655 2809 Fluidi
687 2753 999 2813 effusiones
1028 2762 1197 2816 etiam
1229 2771 1371 2833 post
1410 2776 1635 2827 necem,
1674 2753 1709 2814 i.
1738 2775 1784 2813 e.
1825 2766 1964 2830 post
1989 2752 2364 2811 interclusam
2393 2826 2395 2828 ,

67 2876 74 2883 ·
152 2857 601 2929 respirationem
661 2860 1030 2931 aliquamdiu
1086 2864 1556 2932 continuantur,
1611 2861 1941 2915 diutissime
1987 2858 2060 2914 ab
2128 2858 2364 2931 organis

152 2959 449 3016 electricis·

323 3060 426 3139 16)
473 3061 630 3119 Cum
673 3061 957 3121 effusione
982 3061 1155 3122 fluidi
1184 3077 1386 3124 motus*
1417 3072 1501 3124 est
1536 3061 1820 3142 proprius
1858 3054 2128 3143 j'unctuS,
2177 3067 2278 3137 qui
2315 3078 2346 3120 a
