2512 3708
1110 281 1516 337 „24-

368 420 435 498 3)
481 420 542 477 Si
578 418 743 475 filum
784 416 1031 472 ferreum
1072 427 1125 470 et
1163 417 1394 471 tenuius
1446 412 1722 469 orichalci
1763 409 1928 468 filum
1970 415 2213 468 alterum
2250 416 2410 470 alteri

164 535 167 538 “
206 525 430 580 fistulae
458 521 837 594 sclopetariae
876 517 976 573 fini
1015 516 1328 572 ferrumine
1365 511 1740 590 adjungitur,
1786 526 1841 570 et
1871 526 2126 586 utroque
2158 534 2409 588 gymno-

207 639 295 681 tus
335 627 621 697 tangitur,
668 623 917 676 ferreum
949 617 1114 672 filum
1148 621 1334 672 acrius
1364 618 1638 689 percutit.

369 728 431 800 4)
522 722 592 802 a)
638 722 698 777 Si
737 722 1116 794 experimenti
1154 714 1335 794 hujus
1375 737 1439 773 ea
1470 717 1537 772 fit
1577 718 1859 785 mutatio,
1904 728 1970 772 ut
1996 719 2175 773 altera
2203 737 2408 774 manus

197 831 366 888 filum
428 827 487 885 Τ.
530 823 617 903 (V.
645 823 760 902 fig.
816 824 884 894 1.)
943 832 1161 888 teneat,
1235 822 1402 892 quod
1444 820 1592 874 infra
1645 838 1778 874 cum
1825 817 2022 874 fistula
2065 821 2411 892 sclopetaria

198 932 506 1011 jungitur,
561 931 738 984 altera
780 943 921 979 vero
964 921 1218 977 fistulam
1260 922 1669 993 sclopetariam
1712 914 1777 976 P.
1829 938 1973 992 quae
2010 918 2114 975 filo
2154 938 2286 975 cum
2322 938 2410 975 se-

160 1056 163 1059 ·
199 1037 390 1091 cunda
436 1031 630 1086 fistula
668 1023 988 1101 conjuncta
1030 1035 1140 1085 est3
1203 1024 1248 1074 si
1304 1022 1516 1075 deinde
1562 1031 1881 1091 gymnotus
1922 1021 2151 1075 duabus
2196 1020 2408 1077 fistulis

197 1137 370 1192 simul
408 1133 694 1202 tangitur,
769 1146 834 1182 ea
875 1143 1078 1179 manus
1126 1141 1353 1196 semper
1401 1122 1798 1177 vehementius
1841 1123 2201 1194 percutitur,
2261 1140 2408 1194 quae

196 1236 450 1292 fistulam
489 1244 660 1288 tenet.

356 1332 422 1412 b)
453 1335 631 1388 'Idem
663 1333 895 1396 accidit,
948 1347 1076 1383 cum
1110 1326 1304 1382 fistula
1346 1325 1694 1397 sclopetaria
1729 1334 1785 1378 et
1821 1321 2017 1392 filum,
2057 1341 2206 1395 quae
2245 1334 2405 1379 utra-

194 1458 306 1512 que
334 1455 538 1492 manus
572 1445 728 1490 tenet
762 1433 842 1506 (v.
911 1448 973 1503 g.
1004 1433 1090 1501 11.)
1134 1425 1204 1483 A.
1242 1425 1315 1483 B.
1367 1423 1573 1503 (etfig.
1609 1421 1729 1501 111.)
1771 1422 1851 1480 D.
1891 1420 1951 1480 C.
1998 1442 2190 1496 prope
2226 1423 2404 1479 finem

193 1543 527 1598 inferiorem
562 1541 640 1592 ita
687 1535 1004 1590 ferrumine
1038 1528 1402 1605 junguntur,
1459 1539 1528 1580 ut
1574 1529 1721 1580 alter
1759 1527 2193 1580 conductorum
2237 1527 2401 1581 alteri

193 1645 471 1708 emineat,
517 1658 554 1693 x
583 1638 664 1708 (v.
688 1635 803 1715 fig.
828 1653 888 1689 11.
925 1643 981 1686 et
1017 1632 1136 1702 ιη.)
1167 1641 1220 1684 et
1248 1632 1326 1683 ita
1353 1630 1526 1681 unius
1558 1637 1785 1682 tantum
1815 1622 1994 1701 hujus
2021 1628 2401 1683 conductoris

189 1746 337 1800 liber
368 1741 497 1797 finis
522 1760 560 1795 x
592 1749 942 1811 gymnotum
977 1744 1192 1804 tangat.
1278 1730 1522 1802 Semper
1548 1728 1655 1783 hac
1693 1729 2036 1782 conditione
2063 1746 2126 1783 ea
2158 1745 2395 1797 manuS,

191 1864 341 1919 quae
386 1843 641 1900 fistulam
697 1851 880 1907 tenet,
938 1837 1191 1907 graviter
1239 1833 1597 1905 percutitur,
1655 1831 1833 1883 altera
1881 1846 2022 1884 vero
2076 1840 2177 1883 aut
2222 1831 2399 1902 plane

190 1965 312 2002 non
351 1954 762 2001 commovetur
784 1983 799 2009 ,
843 1940 950 1994 hac
986 1938 1361 2011 potissimum
1391 1933 1766 1987 institutione
1801 1930 1977 1999 facta,
2035 1927 2307 2007 quaefig.
2334 1948 2398 1987 11.

188 2061 291 2104 aut
317 2050 530 2103 ⁴leviter
559 2055 786 2099 tantum
813 2042 978 2113 digiti
1011 2034 1343 2094 tremefiunt
1372 2045 1428 2089 et
1455 2034 1788 2087 titillantur.

349 2146 416 2225 5)
461 2149 734 2203 Duarum
761 2142 1092 2198 fistularum
1115 2138 1596 2211 sclopetariarum
1639 2128 1701 2190 C.
1729 2130 1804 2189 A.
1827 2130 1932 2209 fig.
1970 2151 2046 2189 w.
2079 2130 2253 2188 finem
2288 2130 2392 2189 filo

192 2263 326 2307 octo
367 2252 539 2322 pedes
583 2250 765 2318 longo
819 2239 1143 2318 conjunxi,
1206 2240 1417 2294 deinde
1469 2238 1727 2291 medium
1783 2231 1947 2288 filum
1994 2229 2048 2288 B
2094 2233 2396 2289 hominem

188 2355 481 2426 quendam
517 2363 747 2420 tangere
787 2344 962 2423 jussi,
1007 2345 1256 2397 alterum
1292 2357 1433 2395 vero
1472 2338 1804 2393 inferiorem
1843 2332 2069 2390 fistulae
2105 2331 2165 2388 A
2191 2332 2394 2390 finem:

187 2456 396 2510 deinde
430 2454 679 2508 eundem
716 2449 941 2505 fistulae
974 2440 1020 2499 0
1057 2441 1234 2498 finem
1267 2450 1557 2514 gymnoto
1601 2439 1872 2492 admovi:
1916 2454 2038 2508 quo
2077 2437 2264 2504 facto,
2312 2439 2393 2502 iS,

187 2557 287 2628 qui
324 2553 492 2609 filum
531 2554 666 2607 loco
717 2547 771 2605 B
818 2547 1077 2614 tenebat,
1149 2554 1250 2599 aut
1292 2541 1441 2596 nihil
1490 2539 1802 2606 sentiebat,
1875 2549 1978 2594 aut
2012 2540 2059 2593 si
2097 2534 2392 2593 mollioris

187 2674 386 2710 sensus
425 2665 573 2721 erat,
618 2654 804 2706 levem
840 2651 898 2703 in
936 2647 1129 2717 digitis
1165 2657 1509 2711 tremorem,
1555 2641 1657 2713 qui
1697 2658 1837 2696 vero
1879 2638 2137 2696 fistulam
2164 2630 2307 2693 ‘loco
2334 2632 2399 2693 A

186 2756 446 2822 tenebat,
495 2748 864 2808 vehementer
897 2746 1351 2820 percutiebatur.

347 2852 419 2932 6)
463 2854 943 2926 Experimentum
979 2849 1093 2903 hoc
1125 2849 1205 2902 sic
1240 2847 1477 2912 iteravi,
1536 2856 1603 2899 ut
1632 2844 1891 2899 validum
1922 2844 2184 2914 eligerem
2219 2859 2388 2913 gym-

185 2968 393 3012 notum
447 2966 501 3009 et
543 2958 694 3009 duos
740 2955 1006 3009 homines
1043 2948 1210 3004 filum
1254 2951 1388 3005 loco
1428 2943 1482 3003 B
1519 2959 1753 3019 tangere
1796 2941 2092 3021 juberem,
2124 2945 2391 2999 ·tertium

186 3075 324 3113 vero
358 3056 646 3125 quendam
675 3052 928 3108 fistulam
967 3054 1101 3107 loco
1139 3047 1211 3107 A.
1247 3050 1340 3105 hic
1373 3050 1672 3123 posterior
1692 3046 2096 3110 vehementer;
2139 3062 2208 3100 ex
2236 3045 2391 3100 duo·
